LAST_EXEC_TS	TCODE	ABAP_PROGRAM	EXEC_COUNT	TOTAL_EXEC_TIME_SEC	AVG_EXEC_TIME_SEC	MAX_EXEC_TIME_SEC	MIN_EXECUTION_MEMORY_SIZE	MAX_EXECUTION_MEMORY_SIZE	TOTAL_EXECUTION_MEMORY_SIZE	SQL_TEXT
20260307145504639694000		SAPLZMM011	12,165	12,273.675000000	1.009000000	32.368000000	1,072,696	12,030,960,176	12,857,920,995,697	SELECT /* FDA WRITE */ "A" . "MATNR" , "A" . "WERKS" , "A" . "LGORT" , "A" . "MEINS" , "A" . "WAERS" "ZWAERS" , SUM( ( CASE WHEN "A" . "LBBSA_SID" = N'01' THEN "A" . "LBKUM" END ) ) "LABST" , SUM( ( CASE WHEN "A" . "LBBSA_SID" = N'02' THEN "A" . "LBKUM" END ) ) "INSME" , SUM( ( CASE WHEN "A" . "LBBSA_SID" <> N'07' THEN "A" . "LBKUM" END ) ) "LBKUM" , SUM( ( CASE WHEN "A" . "LBBSA_SID" <> N'07' THEN "A" . "SALK3" END ) ) "SALK3" FROM ? "B" ("MATNR" NVARCHAR(40)) INNER JOIN /* Entity name: ZCDS_MM_CURSTOCK_DDL */ "ZCDSMM011" "A" ON "A" . "MANDT" = ? AND "A" . "MATNR" = "B" . "MATNR" WHERE "A" . "WERKS" = ? AND "A" . "LGORT" = ? GROUP BY "A" . "MATNR" , "A" . "WERKS" , "A" . "LGORT" , "A" . "MEINS" , "A" . "WAERS"
20260307165505007420000		SAPLZSD685	12,060	11,506.350000000	0.954000000	5.295000000	479,151,776	575,131,512	6,471,119,765,092	SELECT /* FDA WRITE */ "A" . "MATNR" , "A" . "ZSEG_NO" , "A" . "ZFIX_NO" , "A" . "ZPOS_NO" FROM "ZAST00073" "A" INNER JOIN ? "B" ("MATNR" NVARCHAR(40), "WERKS" NVARCHAR(4)) ON "A" . "MATNR" = "B" . "MATNR" AND "A" . "WERKS" = "B" . "WERKS" WHERE "A" . "MANDT" = ? AND "A" . "IF_DATE" = ?
20260307165504705127000		SAPLZMM405	15,355	10,635.761000000	0.693000000	4.614000000	400,840	2,450,473,200	10,284,283,179,628	SELECT /* FDA READ */ N'Y' "GUBUN" , "A" . "MATNR" , "A" . "WERKS" , "A" . "MEINS" , "A" . "WAERS" , "B" . "SATNR" , "B" . "MATKL" , "MAKT" . "MAKTX" "SAKTX" , "D" . "MMSTA" , "D" . "ZSTLIFNR" "LIFNR" , "D" . "ZFNCSTRCD" , "D" . "ZPURSTRCD" "ZPURTYCD" , "D" . "ZSTPURUOM" , CASE WHEN "D" . "ZRDCODYN" = RTRIM( N'' ) THEN N'O' ELSE "D" . "ZRDCODYN" END "ZRDCODYN" , CASE WHEN "D" . "ZPOGDISYN" = RTRIM( N'' ) THEN N'O' ELSE "D" . "ZPOGDISYN" END "ZPOGDISYN" , "E" . "NAME1" , "F" . "MAKTX" , SUM( ( CASE WHEN "A" . "LGORT" = N'1000' THEN "A" . "LBKUM" END ) ) "MENGE1" , SUM( ( CASE WHEN "A" . "LGORT" = N'1010' THEN "A" . "LBKUM" END ) ) "MENGE2" , SUM( ( CASE WHEN "A" . "LGORT" = N'1020' THEN "A" . "LBKUM" END ) ) "MENGE3" , SUM( ( CASE WHEN "A" . "LGORT" = N'1030' THEN "A" . "LBKUM" END ) ) "MENGE4" , SUM( ( CASE WHEN "A" . "LGORT" = N'1040' THEN "A" . "LBKUM" END ) ) "MENGE5" , SUM( "A" . "LBKUM" ) "MENGE" FROM /* Entity name: ZCDS_MM_DATESTOCK_DDL */ "ZCDSMM010" ( "P_KEYDATE" => ? ) "A" INNER JOIN "MARA" "B" ON "A" . "MANDT" = "B" . "MANDT" AND "A" . "MATNR" = "B" . "MATNR" INNER JOIN /* Redirected table: MARC */ "NSDM_V_MARC" "D" ON "A" . "MANDT" = "D" . "MANDT" AND "D" . "MATNR" = "A" . "MATNR" AND "D" . "WERKS" = "A" . "WERKS" INNER JOIN "T001W" "E" ON "A" . "MANDT" = "E" . "MANDT" AND "A" . "WERKS" = "E" . "WERKS" INNER JOIN "MAKT" "F" ON "A" . "MANDT" = "F" . "MANDT" AND "A" . "MATNR" = "F" . "MATNR" AND "F" . "SPRAS" = ? LEFT OUTER JOIN "MAKT" ON "A" . "MANDT" = "MAKT" . "MANDT" AND "B" . "SATNR" = "MAKT" . "MATNR" AND "MAKT" . "SPRAS" = ? WHERE "A" . "MANDT" = ? AND "A" . "WERKS" = ? AND "A" . "LGORT" <> N'' AND "A" . "LBBSA_SID" = N'01' AND "B" . "ZBIZTPCD" = ? AND "B" . "MATKL" = ? GROUP BY "A" . "MATNR" , "A" . "WERKS" , "A" . "MEINS" , "B" . "SATNR" , "B" . "MATKL" , "MAKT" . "MAKTX" , "A" . "WAERS" , "D" . "MMSTA" , "D" . "ZSTLIFNR" , "D" . "ZFNCSTRCD" , "D" . "ZPURSTRCD" , "D" . "ZSTPURUOM" , "D" . "ZRDCODYN" , "D" . "ZPOGDISYN" , "E" . "NAME1" , "F" . "MAKTX"
20260307175500490427000		SAPLZSD685	11,889	10,512.384000000	0.884000000	2.687000000	479,151,640	571,884,116	6,364,037,221,844	SELECT /* FDA WRITE */ "A" . "MATNR" , "A" . "ZSEG_NO" , "A" . "ZFIX_NO" , "A" . "ZPOS_NO" FROM "ZAST00073" "A" INNER JOIN ? "B" ("MATNR" NVARCHAR(40), "WERKS" NVARCHAR(4)) ON "A" . "MATNR" = "B" . "MATNR" AND "A" . "WERKS" = "B" . "WERKS" WHERE "A" . "MANDT" = ? AND "A" . "IF_DATE" = ?
20260307155506458924000		SAPLZSD685	10,872	10,503.081000000	0.966000000	7.593000000	479,152,184	575,075,384	5,825,275,123,844	SELECT /* FDA WRITE */ "A" . "MATNR" , "A" . "ZSEG_NO" , "A" . "ZFIX_NO" , "A" . "ZPOS_NO" FROM "ZAST00073" "A" INNER JOIN ? "B" ("MATNR" NVARCHAR(40), "WERKS" NVARCHAR(4)) ON "A" . "MATNR" = "B" . "MATNR" AND "A" . "WERKS" = "B" . "WERKS" WHERE "A" . "MANDT" = ? AND "A" . "IF_DATE" = ?
20260307155507148310000		SAPLZMM405	16,488	10,195.557000000	0.618000000	6.795000000	828,152	2,590,111,248	10,519,080,713,024	SELECT /* FDA READ */ N'Y' "GUBUN" , "A" . "MATNR" , "A" . "WERKS" , "A" . "MEINS" , "A" . "WAERS" , "B" . "SATNR" , "B" . "MATKL" , "MAKT" . "MAKTX" "SAKTX" , "D" . "MMSTA" , "D" . "ZSTLIFNR" "LIFNR" , "D" . "ZFNCSTRCD" , "D" . "ZPURSTRCD" "ZPURTYCD" , "D" . "ZSTPURUOM" , CASE WHEN "D" . "ZRDCODYN" = RTRIM( N'' ) THEN N'O' ELSE "D" . "ZRDCODYN" END "ZRDCODYN" , CASE WHEN "D" . "ZPOGDISYN" = RTRIM( N'' ) THEN N'O' ELSE "D" . "ZPOGDISYN" END "ZPOGDISYN" , "E" . "NAME1" , "F" . "MAKTX" , SUM( ( CASE WHEN "A" . "LGORT" = N'1000' THEN "A" . "LBKUM" END ) ) "MENGE1" , SUM( ( CASE WHEN "A" . "LGORT" = N'1010' THEN "A" . "LBKUM" END ) ) "MENGE2" , SUM( ( CASE WHEN "A" . "LGORT" = N'1020' THEN "A" . "LBKUM" END ) ) "MENGE3" , SUM( ( CASE WHEN "A" . "LGORT" = N'1030' THEN "A" . "LBKUM" END ) ) "MENGE4" , SUM( ( CASE WHEN "A" . "LGORT" = N'1040' THEN "A" . "LBKUM" END ) ) "MENGE5" , SUM( "A" . "LBKUM" ) "MENGE" FROM /* Entity name: ZCDS_MM_DATESTOCK_DDL */ "ZCDSMM010" ( "P_KEYDATE" => ? ) "A" INNER JOIN "MARA" "B" ON "A" . "MANDT" = "B" . "MANDT" AND "A" . "MATNR" = "B" . "MATNR" INNER JOIN /* Redirected table: MARC */ "NSDM_V_MARC" "D" ON "A" . "MANDT" = "D" . "MANDT" AND "D" . "MATNR" = "A" . "MATNR" AND "D" . "WERKS" = "A" . "WERKS" INNER JOIN "T001W" "E" ON "A" . "MANDT" = "E" . "MANDT" AND "A" . "WERKS" = "E" . "WERKS" INNER JOIN "MAKT" "F" ON "A" . "MANDT" = "F" . "MANDT" AND "A" . "MATNR" = "F" . "MATNR" AND "F" . "SPRAS" = ? LEFT OUTER JOIN "MAKT" ON "A" . "MANDT" = "MAKT" . "MANDT" AND "B" . "SATNR" = "MAKT" . "MATNR" AND "MAKT" . "SPRAS" = ? WHERE "A" . "MANDT" = ? AND "A" . "WERKS" = ? AND "A" . "LGORT" <> N'' AND "A" . "LBBSA_SID" = N'01' AND "B" . "ZBIZTPCD" = ? AND "B" . "MATKL" = ? GROUP BY "A" . "MATNR" , "A" . "WERKS" , "A" . "MEINS" , "B" . "SATNR" , "B" . "MATKL" , "MAKT" . "MAKTX" , "A" . "WAERS" , "D" . "MMSTA" , "D" . "ZSTLIFNR" , "D" . "ZFNCSTRCD" , "D" . "ZPURSTRCD" , "D" . "ZSTPURUOM" , "D" . "ZRDCODYN" , "D" . "ZPOGDISYN" , "E" . "NAME1" , "F" . "MAKTX"
20260307145507832364000		SAPLZSD685	9,374	9,726.942000000	1.038000000	17.320000000	479,152,252	574,908,424	5,025,124,423,596	SELECT /* FDA WRITE */ "A" . "MATNR" , "A" . "ZSEG_NO" , "A" . "ZFIX_NO" , "A" . "ZPOS_NO" FROM "ZAST00073" "A" INNER JOIN ? "B" ("MATNR" NVARCHAR(40), "WERKS" NVARCHAR(4)) ON "A" . "MATNR" = "B" . "MATNR" AND "A" . "WERKS" = "B" . "WERKS" WHERE "A" . "MANDT" = ? AND "A" . "IF_DATE" = ?
20260307145509191793000		SAPLZMM405	13,749	9,386.244000000	0.683000000	6.203000000	715,080	2,463,368,656	8,738,832,847,424	SELECT /* FDA READ */ N'Y' "GUBUN" , "A" . "MATNR" , "A" . "WERKS" , "A" . "MEINS" , "A" . "WAERS" , "B" . "SATNR" , "B" . "MATKL" , "MAKT" . "MAKTX" "SAKTX" , "D" . "MMSTA" , "D" . "ZSTLIFNR" "LIFNR" , "D" . "ZFNCSTRCD" , "D" . "ZPURSTRCD" "ZPURTYCD" , "D" . "ZSTPURUOM" , CASE WHEN "D" . "ZRDCODYN" = RTRIM( N'' ) THEN N'O' ELSE "D" . "ZRDCODYN" END "ZRDCODYN" , CASE WHEN "D" . "ZPOGDISYN" = RTRIM( N'' ) THEN N'O' ELSE "D" . "ZPOGDISYN" END "ZPOGDISYN" , "E" . "NAME1" , "F" . "MAKTX" , SUM( ( CASE WHEN "A" . "LGORT" = N'1000' THEN "A" . "LBKUM" END ) ) "MENGE1" , SUM( ( CASE WHEN "A" . "LGORT" = N'1010' THEN "A" . "LBKUM" END ) ) "MENGE2" , SUM( ( CASE WHEN "A" . "LGORT" = N'1020' THEN "A" . "LBKUM" END ) ) "MENGE3" , SUM( ( CASE WHEN "A" . "LGORT" = N'1030' THEN "A" . "LBKUM" END ) ) "MENGE4" , SUM( ( CASE WHEN "A" . "LGORT" = N'1040' THEN "A" . "LBKUM" END ) ) "MENGE5" , SUM( "A" . "LBKUM" ) "MENGE" FROM /* Entity name: ZCDS_MM_DATESTOCK_DDL */ "ZCDSMM010" ( "P_KEYDATE" => ? ) "A" INNER JOIN "MARA" "B" ON "A" . "MANDT" = "B" . "MANDT" AND "A" . "MATNR" = "B" . "MATNR" INNER JOIN /* Redirected table: MARC */ "NSDM_V_MARC" "D" ON "A" . "MANDT" = "D" . "MANDT" AND "D" . "MATNR" = "A" . "MATNR" AND "D" . "WERKS" = "A" . "WERKS" INNER JOIN "T001W" "E" ON "A" . "MANDT" = "E" . "MANDT" AND "A" . "WERKS" = "E" . "WERKS" INNER JOIN "MAKT" "F" ON "A" . "MANDT" = "F" . "MANDT" AND "A" . "MATNR" = "F" . "MATNR" AND "F" . "SPRAS" = ? LEFT OUTER JOIN "MAKT" ON "A" . "MANDT" = "MAKT" . "MANDT" AND "B" . "SATNR" = "MAKT" . "MATNR" AND "MAKT" . "SPRAS" = ? WHERE "A" . "MANDT" = ? AND "A" . "WERKS" = ? AND "A" . "LGORT" <> N'' AND "A" . "LBBSA_SID" = N'01' AND "B" . "ZBIZTPCD" = ? AND "B" . "MATKL" = ? GROUP BY "A" . "MATNR" , "A" . "WERKS" , "A" . "MEINS" , "B" . "SATNR" , "B" . "MATKL" , "MAKT" . "MAKTX" , "A" . "WAERS" , "D" . "MMSTA" , "D" . "ZSTLIFNR" , "D" . "ZFNCSTRCD" , "D" . "ZPURSTRCD" , "D" . "ZSTPURUOM" , "D" . "ZRDCODYN" , "D" . "ZPOGDISYN" , "E" . "NAME1" , "F" . "MAKTX"
20260307115502777058000		SAPLZSD685	9,687	9,372.281000000	0.968000000	7.297000000	479,151,640	574,448,352	5,199,618,648,768	SELECT /* FDA WRITE */ "A" . "MATNR" , "A" . "ZSEG_NO" , "A" . "ZFIX_NO" , "A" . "ZPOS_NO" FROM "ZAST00073" "A" INNER JOIN ? "B" ("MATNR" NVARCHAR(40), "WERKS" NVARCHAR(4)) ON "A" . "MATNR" = "B" . "MATNR" AND "A" . "WERKS" = "B" . "WERKS" WHERE "A" . "MANDT" = ? AND "A" . "IF_DATE" = ?
20260307165448644074000		ZCL_U4A_APP_ESOQMR00340U======CP	1,030	9,204.985000000	8.937000000	14.499000000	2,293,633,112	2,295,123,444	2,362,596,819,764	SELECT /* FDA WRITE */ SUM( "A" . "LABST" ) "LABST" , "A" . "MATNR" , "A" . "WERKS" FROM /* Redirected table: MARD */ "NSDM_V_MARD" "A" INNER JOIN ? "B" ("WERKS" NVARCHAR(4), "MATNR" NVARCHAR(40)) ON "B" . "MATNR" = "A" . "MATNR" AND "B" . "WERKS" = "A" . "WERKS" INNER JOIN "MARA" "C" ON "A" . "MANDT" = "C" . "MANDT" AND "C" . "MATNR" = "B" . "MATNR" WHERE "A" . "MANDT" = ? AND "A" . "LGORT" = N'1000' GROUP BY "A" . "MATNR" , "A" . "WERKS"
20260307125459441500000		SAPLZSD685	9,783	9,150.805000000	0.935000000	5.115000000	479,152,864	575,110,808	5,245,346,570,216	SELECT /* FDA WRITE */ "A" . "MATNR" , "A" . "ZSEG_NO" , "A" . "ZFIX_NO" , "A" . "ZPOS_NO" FROM "ZAST00073" "A" INNER JOIN ? "B" ("MATNR" NVARCHAR(40), "WERKS" NVARCHAR(4)) ON "A" . "MATNR" = "B" . "MATNR" AND "A" . "WERKS" = "B" . "WERKS" WHERE "A" . "MANDT" = ? AND "A" . "IF_DATE" = ?
20260307135505039108000		SAPLZSD685	9,518	8,862.628000000	0.931000000	3.900000000	479,154,496	575,227,492	5,097,367,765,264	SELECT /* FDA WRITE */ "A" . "MATNR" , "A" . "ZSEG_NO" , "A" . "ZFIX_NO" , "A" . "ZPOS_NO" FROM "ZAST00073" "A" INNER JOIN ? "B" ("MATNR" NVARCHAR(40), "WERKS" NVARCHAR(4)) ON "A" . "MATNR" = "B" . "MATNR" AND "A" . "WERKS" = "B" . "WERKS" WHERE "A" . "MANDT" = ? AND "A" . "IF_DATE" = ?
20260307174511555570000		CL_FML_ACDOCA_M_EXT_UTIL_AMDP=CP	5,354	8,813.984000000	1.646000000	9.974000000	28,364,344	91,684,640	200,742,581,848	CALL  "CL_FML_ACDOCA_M_EXT_UTIL_AMDP=>PRE_COMPACT_AMDP_PLL#stb2#20230119004507"  (  ? ,  ? ,  ? ,  ? ,  ? ,  ? ,  ? ,  ?  )
20260307135504445668000		SAPLZMM011	14,626	8,796.409000000	0.601000000	15.782000000	1,223,648	13,743,395,024	10,883,077,107,263	SELECT /* FDA WRITE */ "A" . "MATNR" , "A" . "WERKS" , "A" . "LGORT" , "A" . "MEINS" , "A" . "WAERS" "ZWAERS" , SUM( ( CASE WHEN "A" . "LBBSA_SID" = N'01' THEN "A" . "LBKUM" END ) ) "LABST" , SUM( ( CASE WHEN "A" . "LBBSA_SID" = N'02' THEN "A" . "LBKUM" END ) ) "INSME" , SUM( ( CASE WHEN "A" . "LBBSA_SID" <> N'07' THEN "A" . "LBKUM" END ) ) "LBKUM" , SUM( ( CASE WHEN "A" . "LBBSA_SID" <> N'07' THEN "A" . "SALK3" END ) ) "SALK3" FROM ? "B" ("MATNR" NVARCHAR(40)) INNER JOIN /* Entity name: ZCDS_MM_CURSTOCK_DDL */ "ZCDSMM011" "A" ON "A" . "MANDT" = ? AND "A" . "MATNR" = "B" . "MATNR" WHERE "A" . "WERKS" = ? AND "A" . "LGORT" = ? GROUP BY "A" . "MATNR" , "A" . "WERKS" , "A" . "LGORT" , "A" . "MEINS" , "A" . "WAERS"
20260307165503181603000		SAPLZMM405	15,354	8,435.855000000	0.549000000	4.360000000	539,448	2,555,157,496	5,919,017,760,751	SELECT /* FDA READ */ N'T' "GUBUN" , "A" . "MATNR" , "A" . "WERKS" , "A" . "MEINS" , "A" . "WAERS" , "B" . "SATNR" , "B" . "MATKL" , "MAKT" . "MAKTX" "SAKTX" , "D" . "MMSTA" , "D" . "ZSTLIFNR" "LIFNR" , "D" . "ZFNCSTRCD" , "D" . "ZPURSTRCD" "ZPURTYCD" , "D" . "ZSTPURUOM" , CASE WHEN "D" . "ZRDCODYN" = RTRIM( N'' ) THEN N'O' ELSE "D" . "ZRDCODYN" END "ZRDCODYN" , CASE WHEN "D" . "ZPOGDISYN" = RTRIM( N'' ) THEN N'O' ELSE "D" . "ZPOGDISYN" END "ZPOGDISYN" , "E" . "NAME1" , "F" . "MAKTX" , SUM( ( CASE WHEN "A" . "LGORT" = N'1000' THEN "A" . "LBKUM" END ) ) "MENGE1" , SUM( ( CASE WHEN "A" . "LGORT" = N'1010' THEN "A" . "LBKUM" END ) ) "MENGE2" , SUM( ( CASE WHEN "A" . "LGORT" = N'1020' THEN "A" . "LBKUM" END ) ) "MENGE3" , SUM( ( CASE WHEN "A" . "LGORT" = N'1030' THEN "A" . "LBKUM" END ) ) "MENGE4" , SUM( ( CASE WHEN "A" . "LGORT" = N'1040' THEN "A" . "LBKUM" END ) ) "MENGE5" , SUM( "A" . "LBKUM" ) "MENGE" FROM /* Entity name: ZCDS_MM_CURSTOCK_DDL */ "ZCDSMM011" "A" INNER JOIN "MARA" "B" ON "A" . "MANDT" = "B" . "MANDT" AND "A" . "MATNR" = "B" . "MATNR" INNER JOIN /* Redirected table: MARC */ "NSDM_V_MARC" "D" ON "A" . "MANDT" = "D" . "MANDT" AND "D" . "MATNR" = "A" . "MATNR" AND "D" . "WERKS" = "A" . "WERKS" INNER JOIN "T001W" "E" ON "A" . "MANDT" = "E" . "MANDT" AND "A" . "WERKS" = "E" . "WERKS" INNER JOIN "MAKT" "F" ON "A" . "MANDT" = "F" . "MANDT" AND "A" . "MATNR" = "F" . "MATNR" AND "F" . "SPRAS" = ? LEFT OUTER JOIN "MAKT" ON "A" . "MANDT" = "MAKT" . "MANDT" AND "B" . "SATNR" = "MAKT" . "MATNR" AND "MAKT" . "SPRAS" = ? WHERE "A" . "MANDT" = ? AND "A" . "WERKS" = ? AND "A" . "LGORT" <> N'' AND "A" . "LBBSA_SID" = N'01' AND "B" . "ZBIZTPCD" = ? AND "B" . "MATKL" = ? GROUP BY "A" . "MATNR" , "A" . "WERKS" , "A" . "MEINS" , "B" . "SATNR" , "MAKT" . "MAKTX" , "B" . "MATKL" , "A" . "WAERS" , "D" . "MMSTA" , "D" . "ZSTLIFNR" , "D" . "ZFNCSTRCD" , "D" . "ZPURSTRCD" , "D" . "ZSTPURUOM" , "D" . "ZRDCODYN" , "D" . "ZPOGDISYN" , "E" . "NAME1" , "F" . "MAKTX"
20260307175500460150000		SAPLZMM405	12,848	8,372.063000000	0.652000000	3.903000000	1,611,552	2,463,048,336	8,461,784,301,908	SELECT /* FDA READ */ N'Y' "GUBUN" , "A" . "MATNR" , "A" . "WERKS" , "A" . "MEINS" , "A" . "WAERS" , "B" . "SATNR" , "B" . "MATKL" , "MAKT" . "MAKTX" "SAKTX" , "D" . "MMSTA" , "D" . "ZSTLIFNR" "LIFNR" , "D" . "ZFNCSTRCD" , "D" . "ZPURSTRCD" "ZPURTYCD" , "D" . "ZSTPURUOM" , CASE WHEN "D" . "ZRDCODYN" = RTRIM( N'' ) THEN N'O' ELSE "D" . "ZRDCODYN" END "ZRDCODYN" , CASE WHEN "D" . "ZPOGDISYN" = RTRIM( N'' ) THEN N'O' ELSE "D" . "ZPOGDISYN" END "ZPOGDISYN" , "E" . "NAME1" , "F" . "MAKTX" , SUM( ( CASE WHEN "A" . "LGORT" = N'1000' THEN "A" . "LBKUM" END ) ) "MENGE1" , SUM( ( CASE WHEN "A" . "LGORT" = N'1010' THEN "A" . "LBKUM" END ) ) "MENGE2" , SUM( ( CASE WHEN "A" . "LGORT" = N'1020' THEN "A" . "LBKUM" END ) ) "MENGE3" , SUM( ( CASE WHEN "A" . "LGORT" = N'1030' THEN "A" . "LBKUM" END ) ) "MENGE4" , SUM( ( CASE WHEN "A" . "LGORT" = N'1040' THEN "A" . "LBKUM" END ) ) "MENGE5" , SUM( "A" . "LBKUM" ) "MENGE" FROM /* Entity name: ZCDS_MM_DATESTOCK_DDL */ "ZCDSMM010" ( "P_KEYDATE" => ? ) "A" INNER JOIN "MARA" "B" ON "A" . "MANDT" = "B" . "MANDT" AND "A" . "MATNR" = "B" . "MATNR" INNER JOIN /* Redirected table: MARC */ "NSDM_V_MARC" "D" ON "A" . "MANDT" = "D" . "MANDT" AND "D" . "MATNR" = "A" . "MATNR" AND "D" . "WERKS" = "A" . "WERKS" INNER JOIN "T001W" "E" ON "A" . "MANDT" = "E" . "MANDT" AND "A" . "WERKS" = "E" . "WERKS" INNER JOIN "MAKT" "F" ON "A" . "MANDT" = "F" . "MANDT" AND "A" . "MATNR" = "F" . "MATNR" AND "F" . "SPRAS" = ? LEFT OUTER JOIN "MAKT" ON "A" . "MANDT" = "MAKT" . "MANDT" AND "B" . "SATNR" = "MAKT" . "MATNR" AND "MAKT" . "SPRAS" = ? WHERE "A" . "MANDT" = ? AND "A" . "WERKS" = ? AND "A" . "LGORT" <> N'' AND "A" . "LBBSA_SID" = N'01' AND "B" . "ZBIZTPCD" = ? AND "B" . "MATKL" = ? GROUP BY "A" . "MATNR" , "A" . "WERKS" , "A" . "MEINS" , "B" . "SATNR" , "B" . "MATKL" , "MAKT" . "MAKTX" , "A" . "WAERS" , "D" . "MMSTA" , "D" . "ZSTLIFNR" , "D" . "ZFNCSTRCD" , "D" . "ZPURSTRCD" , "D" . "ZSTPURUOM" , "D" . "ZRDCODYN" , "D" . "ZPOGDISYN" , "E" . "NAME1" , "F" . "MAKTX"
20260307155507156267000		SAPLZMM405	16,487	7,896.468000000	0.479000000	4.632000000	1,768,688	2,528,815,736	5,396,510,435,373	SELECT /* FDA READ */ N'T' "GUBUN" , "A" . "MATNR" , "A" . "WERKS" , "A" . "MEINS" , "A" . "WAERS" , "B" . "SATNR" , "B" . "MATKL" , "MAKT" . "MAKTX" "SAKTX" , "D" . "MMSTA" , "D" . "ZSTLIFNR" "LIFNR" , "D" . "ZFNCSTRCD" , "D" . "ZPURSTRCD" "ZPURTYCD" , "D" . "ZSTPURUOM" , CASE WHEN "D" . "ZRDCODYN" = RTRIM( N'' ) THEN N'O' ELSE "D" . "ZRDCODYN" END "ZRDCODYN" , CASE WHEN "D" . "ZPOGDISYN" = RTRIM( N'' ) THEN N'O' ELSE "D" . "ZPOGDISYN" END "ZPOGDISYN" , "E" . "NAME1" , "F" . "MAKTX" , SUM( ( CASE WHEN "A" . "LGORT" = N'1000' THEN "A" . "LBKUM" END ) ) "MENGE1" , SUM( ( CASE WHEN "A" . "LGORT" = N'1010' THEN "A" . "LBKUM" END ) ) "MENGE2" , SUM( ( CASE WHEN "A" . "LGORT" = N'1020' THEN "A" . "LBKUM" END ) ) "MENGE3" , SUM( ( CASE WHEN "A" . "LGORT" = N'1030' THEN "A" . "LBKUM" END ) ) "MENGE4" , SUM( ( CASE WHEN "A" . "LGORT" = N'1040' THEN "A" . "LBKUM" END ) ) "MENGE5" , SUM( "A" . "LBKUM" ) "MENGE" FROM /* Entity name: ZCDS_MM_CURSTOCK_DDL */ "ZCDSMM011" "A" INNER JOIN "MARA" "B" ON "A" . "MANDT" = "B" . "MANDT" AND "A" . "MATNR" = "B" . "MATNR" INNER JOIN /* Redirected table: MARC */ "NSDM_V_MARC" "D" ON "A" . "MANDT" = "D" . "MANDT" AND "D" . "MATNR" = "A" . "MATNR" AND "D" . "WERKS" = "A" . "WERKS" INNER JOIN "T001W" "E" ON "A" . "MANDT" = "E" . "MANDT" AND "A" . "WERKS" = "E" . "WERKS" INNER JOIN "MAKT" "F" ON "A" . "MANDT" = "F" . "MANDT" AND "A" . "MATNR" = "F" . "MATNR" AND "F" . "SPRAS" = ? LEFT OUTER JOIN "MAKT" ON "A" . "MANDT" = "MAKT" . "MANDT" AND "B" . "SATNR" = "MAKT" . "MATNR" AND "MAKT" . "SPRAS" = ? WHERE "A" . "MANDT" = ? AND "A" . "WERKS" = ? AND "A" . "LGORT" <> N'' AND "A" . "LBBSA_SID" = N'01' AND "B" . "ZBIZTPCD" = ? AND "B" . "MATKL" = ? GROUP BY "A" . "MATNR" , "A" . "WERKS" , "A" . "MEINS" , "B" . "SATNR" , "MAKT" . "MAKTX" , "B" . "MATKL" , "A" . "WAERS" , "D" . "MMSTA" , "D" . "ZSTLIFNR" , "D" . "ZFNCSTRCD" , "D" . "ZPURSTRCD" , "D" . "ZSTPURUOM" , "D" . "ZRDCODYN" , "D" . "ZPOGDISYN" , "E" . "NAME1" , "F" . "MAKTX"
20260307155452346715000		ZCL_U4A_APP_ESOQMR00340U======CP	861	7,726.624000000	8.974000000	13.241000000	2,293,629,036	2,295,187,404	1,974,952,657,140	SELECT /* FDA WRITE */ SUM( "A" . "LABST" ) "LABST" , "A" . "MATNR" , "A" . "WERKS" FROM /* Redirected table: MARD */ "NSDM_V_MARD" "A" INNER JOIN ? "B" ("WERKS" NVARCHAR(4), "MATNR" NVARCHAR(40)) ON "B" . "MATNR" = "A" . "MATNR" AND "B" . "WERKS" = "A" . "WERKS" INNER JOIN "MARA" "C" ON "A" . "MANDT" = "C" . "MANDT" AND "C" . "MATNR" = "B" . "MATNR" WHERE "A" . "MANDT" = ? AND "A" . "LGORT" = N'1000' GROUP BY "A" . "MATNR" , "A" . "WERKS"
20260307174123396073000		CL_NSDM_MTDCSA_PRECOMP========CP	109,446	7,603.936000000	0.069000000	12.488000000	663,512	4,191,800	142,654,079,544	DELETE FROM "MATDOC_EXTRACT" WHERE "MANDT" = ? AND "KEY1" = ? AND "KEY2" = ? AND "KEY3" = ? AND "KEY4" = ? AND "KEY5" = ? AND "KEY6" = ?
20260307145507465152000		SAPLZMM405	13,750	7,383.252000000	0.537000000	5.805000000	1,774,064	2,460,663,992	4,639,944,810,053	SELECT /* FDA READ */ N'T' "GUBUN" , "A" . "MATNR" , "A" . "WERKS" , "A" . "MEINS" , "A" . "WAERS" , "B" . "SATNR" , "B" . "MATKL" , "MAKT" . "MAKTX" "SAKTX" , "D" . "MMSTA" , "D" . "ZSTLIFNR" "LIFNR" , "D" . "ZFNCSTRCD" , "D" . "ZPURSTRCD" "ZPURTYCD" , "D" . "ZSTPURUOM" , CASE WHEN "D" . "ZRDCODYN" = RTRIM( N'' ) THEN N'O' ELSE "D" . "ZRDCODYN" END "ZRDCODYN" , CASE WHEN "D" . "ZPOGDISYN" = RTRIM( N'' ) THEN N'O' ELSE "D" . "ZPOGDISYN" END "ZPOGDISYN" , "E" . "NAME1" , "F" . "MAKTX" , SUM( ( CASE WHEN "A" . "LGORT" = N'1000' THEN "A" . "LBKUM" END ) ) "MENGE1" , SUM( ( CASE WHEN "A" . "LGORT" = N'1010' THEN "A" . "LBKUM" END ) ) "MENGE2" , SUM( ( CASE WHEN "A" . "LGORT" = N'1020' THEN "A" . "LBKUM" END ) ) "MENGE3" , SUM( ( CASE WHEN "A" . "LGORT" = N'1030' THEN "A" . "LBKUM" END ) ) "MENGE4" , SUM( ( CASE WHEN "A" . "LGORT" = N'1040' THEN "A" . "LBKUM" END ) ) "MENGE5" , SUM( "A" . "LBKUM" ) "MENGE" FROM /* Entity name: ZCDS_MM_CURSTOCK_DDL */ "ZCDSMM011" "A" INNER JOIN "MARA" "B" ON "A" . "MANDT" = "B" . "MANDT" AND "A" . "MATNR" = "B" . "MATNR" INNER JOIN /* Redirected table: MARC */ "NSDM_V_MARC" "D" ON "A" . "MANDT" = "D" . "MANDT" AND "D" . "MATNR" = "A" . "MATNR" AND "D" . "WERKS" = "A" . "WERKS" INNER JOIN "T001W" "E" ON "A" . "MANDT" = "E" . "MANDT" AND "A" . "WERKS" = "E" . "WERKS" INNER JOIN "MAKT" "F" ON "A" . "MANDT" = "F" . "MANDT" AND "A" . "MATNR" = "F" . "MATNR" AND "F" . "SPRAS" = ? LEFT OUTER JOIN "MAKT" ON "A" . "MANDT" = "MAKT" . "MANDT" AND "B" . "SATNR" = "MAKT" . "MATNR" AND "MAKT" . "SPRAS" = ? WHERE "A" . "MANDT" = ? AND "A" . "WERKS" = ? AND "A" . "LGORT" <> N'' AND "A" . "LBBSA_SID" = N'01' AND "B" . "ZBIZTPCD" = ? AND "B" . "MATKL" = ? GROUP BY "A" . "MATNR" , "A" . "WERKS" , "A" . "MEINS" , "B" . "SATNR" , "MAKT" . "MAKTX" , "B" . "MATKL" , "A" . "WAERS" , "D" . "MMSTA" , "D" . "ZSTLIFNR" , "D" . "ZFNCSTRCD" , "D" . "ZPURSTRCD" , "D" . "ZSTPURUOM" , "D" . "ZRDCODYN" , "D" . "ZPOGDISYN" , "E" . "NAME1" , "F" . "MAKTX"
20260307115501420948000		SAPLZMM011	12,777	7,248.934000000	0.567000000	31.369000000	1,101,336	11,767,223,760	8,297,067,000,300	SELECT /* FDA WRITE */ "A" . "MATNR" , "A" . "WERKS" , "A" . "LGORT" , "A" . "MEINS" , "A" . "WAERS" "ZWAERS" , SUM( ( CASE WHEN "A" . "LBBSA_SID" = N'01' THEN "A" . "LBKUM" END ) ) "LABST" , SUM( ( CASE WHEN "A" . "LBBSA_SID" = N'02' THEN "A" . "LBKUM" END ) ) "INSME" , SUM( ( CASE WHEN "A" . "LBBSA_SID" <> N'07' THEN "A" . "LBKUM" END ) ) "LBKUM" , SUM( ( CASE WHEN "A" . "LBBSA_SID" <> N'07' THEN "A" . "SALK3" END ) ) "SALK3" FROM ? "B" ("MATNR" NVARCHAR(40)) INNER JOIN /* Entity name: ZCDS_MM_CURSTOCK_DDL */ "ZCDSMM011" "A" ON "A" . "MANDT" = ? AND "A" . "MATNR" = "B" . "MATNR" WHERE "A" . "WERKS" = ? AND "A" . "LGORT" = ? GROUP BY "A" . "MATNR" , "A" . "WERKS" , "A" . "LGORT" , "A" . "MEINS" , "A" . "WAERS"
20260307125459729843000		SAPLZMM011	12,144	6,786.415000000	0.559000000	22.547000000	1,189,512	12,322,259,352	8,397,547,375,152	SELECT /* FDA WRITE */ "A" . "MATNR" , "A" . "WERKS" , "A" . "LGORT" , "A" . "MEINS" , "A" . "WAERS" "ZWAERS" , SUM( ( CASE WHEN "A" . "LBBSA_SID" = N'01' THEN "A" . "LBKUM" END ) ) "LABST" , SUM( ( CASE WHEN "A" . "LBBSA_SID" = N'02' THEN "A" . "LBKUM" END ) ) "INSME" , SUM( ( CASE WHEN "A" . "LBBSA_SID" <> N'07' THEN "A" . "LBKUM" END ) ) "LBKUM" , SUM( ( CASE WHEN "A" . "LBBSA_SID" <> N'07' THEN "A" . "SALK3" END ) ) "SALK3" FROM ? "B" ("MATNR" NVARCHAR(40)) INNER JOIN /* Entity name: ZCDS_MM_CURSTOCK_DDL */ "ZCDSMM011" "A" ON "A" . "MANDT" = ? AND "A" . "MATNR" = "B" . "MATNR" WHERE "A" . "WERKS" = ? AND "A" . "LGORT" = ? GROUP BY "A" . "MATNR" , "A" . "WERKS" , "A" . "LGORT" , "A" . "MEINS" , "A" . "WAERS"
20260307175501351879000		SAPLZMM405	12,846	6,642.363000000	0.517000000	3.286000000	1,773,944	2,449,440,856	4,944,648,839,789	SELECT /* FDA READ */ N'T' "GUBUN" , "A" . "MATNR" , "A" . "WERKS" , "A" . "MEINS" , "A" . "WAERS" , "B" . "SATNR" , "B" . "MATKL" , "MAKT" . "MAKTX" "SAKTX" , "D" . "MMSTA" , "D" . "ZSTLIFNR" "LIFNR" , "D" . "ZFNCSTRCD" , "D" . "ZPURSTRCD" "ZPURTYCD" , "D" . "ZSTPURUOM" , CASE WHEN "D" . "ZRDCODYN" = RTRIM( N'' ) THEN N'O' ELSE "D" . "ZRDCODYN" END "ZRDCODYN" , CASE WHEN "D" . "ZPOGDISYN" = RTRIM( N'' ) THEN N'O' ELSE "D" . "ZPOGDISYN" END "ZPOGDISYN" , "E" . "NAME1" , "F" . "MAKTX" , SUM( ( CASE WHEN "A" . "LGORT" = N'1000' THEN "A" . "LBKUM" END ) ) "MENGE1" , SUM( ( CASE WHEN "A" . "LGORT" = N'1010' THEN "A" . "LBKUM" END ) ) "MENGE2" , SUM( ( CASE WHEN "A" . "LGORT" = N'1020' THEN "A" . "LBKUM" END ) ) "MENGE3" , SUM( ( CASE WHEN "A" . "LGORT" = N'1030' THEN "A" . "LBKUM" END ) ) "MENGE4" , SUM( ( CASE WHEN "A" . "LGORT" = N'1040' THEN "A" . "LBKUM" END ) ) "MENGE5" , SUM( "A" . "LBKUM" ) "MENGE" FROM /* Entity name: ZCDS_MM_CURSTOCK_DDL */ "ZCDSMM011" "A" INNER JOIN "MARA" "B" ON "A" . "MANDT" = "B" . "MANDT" AND "A" . "MATNR" = "B" . "MATNR" INNER JOIN /* Redirected table: MARC */ "NSDM_V_MARC" "D" ON "A" . "MANDT" = "D" . "MANDT" AND "D" . "MATNR" = "A" . "MATNR" AND "D" . "WERKS" = "A" . "WERKS" INNER JOIN "T001W" "E" ON "A" . "MANDT" = "E" . "MANDT" AND "A" . "WERKS" = "E" . "WERKS" INNER JOIN "MAKT" "F" ON "A" . "MANDT" = "F" . "MANDT" AND "A" . "MATNR" = "F" . "MATNR" AND "F" . "SPRAS" = ? LEFT OUTER JOIN "MAKT" ON "A" . "MANDT" = "MAKT" . "MANDT" AND "B" . "SATNR" = "MAKT" . "MATNR" AND "MAKT" . "SPRAS" = ? WHERE "A" . "MANDT" = ? AND "A" . "WERKS" = ? AND "A" . "LGORT" <> N'' AND "A" . "LBBSA_SID" = N'01' AND "B" . "ZBIZTPCD" = ? AND "B" . "MATKL" = ? GROUP BY "A" . "MATNR" , "A" . "WERKS" , "A" . "MEINS" , "B" . "SATNR" , "MAKT" . "MAKTX" , "B" . "MATKL" , "A" . "WAERS" , "D" . "MMSTA" , "D" . "ZSTLIFNR" , "D" . "ZFNCSTRCD" , "D" . "ZPURSTRCD" , "D" . "ZSTPURUOM" , "D" . "ZRDCODYN" , "D" . "ZPOGDISYN" , "E" . "NAME1" , "F" . "MAKTX"
20260307115503158177000		SAPLZMM405	11,031	6,606.332000000	0.599000000	4.536000000	848,488	2,456,576,576	6,682,380,715,720	SELECT /* FDA READ */ N'Y' "GUBUN" , "A" . "MATNR" , "A" . "WERKS" , "A" . "MEINS" , "A" . "WAERS" , "B" . "SATNR" , "B" . "MATKL" , "MAKT" . "MAKTX" "SAKTX" , "D" . "MMSTA" , "D" . "ZSTLIFNR" "LIFNR" , "D" . "ZFNCSTRCD" , "D" . "ZPURSTRCD" "ZPURTYCD" , "D" . "ZSTPURUOM" , CASE WHEN "D" . "ZRDCODYN" = RTRIM( N'' ) THEN N'O' ELSE "D" . "ZRDCODYN" END "ZRDCODYN" , CASE WHEN "D" . "ZPOGDISYN" = RTRIM( N'' ) THEN N'O' ELSE "D" . "ZPOGDISYN" END "ZPOGDISYN" , "E" . "NAME1" , "F" . "MAKTX" , SUM( ( CASE WHEN "A" . "LGORT" = N'1000' THEN "A" . "LBKUM" END ) ) "MENGE1" , SUM( ( CASE WHEN "A" . "LGORT" = N'1010' THEN "A" . "LBKUM" END ) ) "MENGE2" , SUM( ( CASE WHEN "A" . "LGORT" = N'1020' THEN "A" . "LBKUM" END ) ) "MENGE3" , SUM( ( CASE WHEN "A" . "LGORT" = N'1030' THEN "A" . "LBKUM" END ) ) "MENGE4" , SUM( ( CASE WHEN "A" . "LGORT" = N'1040' THEN "A" . "LBKUM" END ) ) "MENGE5" , SUM( "A" . "LBKUM" ) "MENGE" FROM /* Entity name: ZCDS_MM_DATESTOCK_DDL */ "ZCDSMM010" ( "P_KEYDATE" => ? ) "A" INNER JOIN "MARA" "B" ON "A" . "MANDT" = "B" . "MANDT" AND "A" . "MATNR" = "B" . "MATNR" INNER JOIN /* Redirected table: MARC */ "NSDM_V_MARC" "D" ON "A" . "MANDT" = "D" . "MANDT" AND "D" . "MATNR" = "A" . "MATNR" AND "D" . "WERKS" = "A" . "WERKS" INNER JOIN "T001W" "E" ON "A" . "MANDT" = "E" . "MANDT" AND "A" . "WERKS" = "E" . "WERKS" INNER JOIN "MAKT" "F" ON "A" . "MANDT" = "F" . "MANDT" AND "A" . "MATNR" = "F" . "MATNR" AND "F" . "SPRAS" = ? LEFT OUTER JOIN "MAKT" ON "A" . "MANDT" = "MAKT" . "MANDT" AND "B" . "SATNR" = "MAKT" . "MATNR" AND "MAKT" . "SPRAS" = ? WHERE "A" . "MANDT" = ? AND "A" . "WERKS" = ? AND "A" . "LGORT" <> N'' AND "A" . "LBBSA_SID" = N'01' AND "B" . "ZBIZTPCD" = ? AND "B" . "MATKL" = ? GROUP BY "A" . "MATNR" , "A" . "WERKS" , "A" . "MEINS" , "B" . "SATNR" , "B" . "MATKL" , "MAKT" . "MAKTX" , "A" . "WAERS" , "D" . "MMSTA" , "D" . "ZSTLIFNR" , "D" . "ZFNCSTRCD" , "D" . "ZPURSTRCD" , "D" . "ZSTPURUOM" , "D" . "ZRDCODYN" , "D" . "ZPOGDISYN" , "E" . "NAME1" , "F" . "MAKTX"
20260307105506109629000		SAPLZSD685	7,091	6,508.635000000	0.918000000	2.088000000	479,152,864	575,126,920	3,794,808,149,408	SELECT /* FDA WRITE */ "A" . "MATNR" , "A" . "ZSEG_NO" , "A" . "ZFIX_NO" , "A" . "ZPOS_NO" FROM "ZAST00073" "A" INNER JOIN ? "B" ("MATNR" NVARCHAR(40), "WERKS" NVARCHAR(4)) ON "A" . "MATNR" = "B" . "MATNR" AND "A" . "WERKS" = "B" . "WERKS" WHERE "A" . "MANDT" = ? AND "A" . "IF_DATE" = ?
20260307125459975389000		SAPLZMM405	10,540	6,397.326000000	0.607000000	4.924000000	457,936	2,594,710,096	6,617,189,580,280	SELECT /* FDA READ */ N'Y' "GUBUN" , "A" . "MATNR" , "A" . "WERKS" , "A" . "MEINS" , "A" . "WAERS" , "B" . "SATNR" , "B" . "MATKL" , "MAKT" . "MAKTX" "SAKTX" , "D" . "MMSTA" , "D" . "ZSTLIFNR" "LIFNR" , "D" . "ZFNCSTRCD" , "D" . "ZPURSTRCD" "ZPURTYCD" , "D" . "ZSTPURUOM" , CASE WHEN "D" . "ZRDCODYN" = RTRIM( N'' ) THEN N'O' ELSE "D" . "ZRDCODYN" END "ZRDCODYN" , CASE WHEN "D" . "ZPOGDISYN" = RTRIM( N'' ) THEN N'O' ELSE "D" . "ZPOGDISYN" END "ZPOGDISYN" , "E" . "NAME1" , "F" . "MAKTX" , SUM( ( CASE WHEN "A" . "LGORT" = N'1000' THEN "A" . "LBKUM" END ) ) "MENGE1" , SUM( ( CASE WHEN "A" . "LGORT" = N'1010' THEN "A" . "LBKUM" END ) ) "MENGE2" , SUM( ( CASE WHEN "A" . "LGORT" = N'1020' THEN "A" . "LBKUM" END ) ) "MENGE3" , SUM( ( CASE WHEN "A" . "LGORT" = N'1030' THEN "A" . "LBKUM" END ) ) "MENGE4" , SUM( ( CASE WHEN "A" . "LGORT" = N'1040' THEN "A" . "LBKUM" END ) ) "MENGE5" , SUM( "A" . "LBKUM" ) "MENGE" FROM /* Entity name: ZCDS_MM_DATESTOCK_DDL */ "ZCDSMM010" ( "P_KEYDATE" => ? ) "A" INNER JOIN "MARA" "B" ON "A" . "MANDT" = "B" . "MANDT" AND "A" . "MATNR" = "B" . "MATNR" INNER JOIN /* Redirected table: MARC */ "NSDM_V_MARC" "D" ON "A" . "MANDT" = "D" . "MANDT" AND "D" . "MATNR" = "A" . "MATNR" AND "D" . "WERKS" = "A" . "WERKS" INNER JOIN "T001W" "E" ON "A" . "MANDT" = "E" . "MANDT" AND "A" . "WERKS" = "E" . "WERKS" INNER JOIN "MAKT" "F" ON "A" . "MANDT" = "F" . "MANDT" AND "A" . "MATNR" = "F" . "MATNR" AND "F" . "SPRAS" = ? LEFT OUTER JOIN "MAKT" ON "A" . "MANDT" = "MAKT" . "MANDT" AND "B" . "SATNR" = "MAKT" . "MATNR" AND "MAKT" . "SPRAS" = ? WHERE "A" . "MANDT" = ? AND "A" . "WERKS" = ? AND "A" . "LGORT" <> N'' AND "A" . "LBBSA_SID" = N'01' AND "B" . "ZBIZTPCD" = ? AND "B" . "MATKL" = ? GROUP BY "A" . "MATNR" , "A" . "WERKS" , "A" . "MEINS" , "B" . "SATNR" , "B" . "MATKL" , "MAKT" . "MAKTX" , "A" . "WAERS" , "D" . "MMSTA" , "D" . "ZSTLIFNR" , "D" . "ZFNCSTRCD" , "D" . "ZPURSTRCD" , "D" . "ZSTPURUOM" , "D" . "ZRDCODYN" , "D" . "ZPOGDISYN" , "E" . "NAME1" , "F" . "MAKTX"
20260307174511850159000		CL_FML_ACDOCA_M_EXT_UTIL_AMDP=CP	5,354	6,062.739000000	1.132000000	7.985000000	2,718,336	46,761,164	51,529,823,964	"/* procedure: ""SAPHANADB"".""CL_FML_ACDOCA_M_EXT_UTIL_AMDP=>PRE_COMPACT_AMDP_PLL"" line: 291 col: 6 (at pos 11838) */ upsert ""CL_FML_ACDOCA_M_EXT_UTIL_AMDP=>ACDOCA_M_EXTRACT#covw"" ( rclnt,
                               rldnr,
                               rbukrs,
                               kalnr,
                              fiscyearper,
                               belnr,
                               docln,
                               matnr,
                               bwkey,
                               bwtar,
                               ryear,
                               poper,
                               ml_sobkz,
                               ml_kdauf,
                               ml_kdpos,
                               ml_lifnr,
                               ml_pspnr,
                               vmsl,
                               hsl,
                               ksl,
                               osl,
                               vsl,
                               bsl,
                               csl,
                               dsl,
                               esl,
                               fsl,
                               gsl,
                               hvkwrt,
                               sdm_version )
                       select * from ""SYS"".""_SYS_SS2_TMP_TABLE_38093136_LT_FOR_UPSERT_2_60BB3E8146674A41AD3E88E4BF2A0C68_3"" ""LT_FOR_UPSERT"""
20260307135505301839000		SAPLZMM405	9,199	5,592.863000000	0.608000000	4.477000000	504,056	2,451,895,744	5,735,603,899,420	SELECT /* FDA READ */ N'Y' "GUBUN" , "A" . "MATNR" , "A" . "WERKS" , "A" . "MEINS" , "A" . "WAERS" , "B" . "SATNR" , "B" . "MATKL" , "MAKT" . "MAKTX" "SAKTX" , "D" . "MMSTA" , "D" . "ZSTLIFNR" "LIFNR" , "D" . "ZFNCSTRCD" , "D" . "ZPURSTRCD" "ZPURTYCD" , "D" . "ZSTPURUOM" , CASE WHEN "D" . "ZRDCODYN" = RTRIM( N'' ) THEN N'O' ELSE "D" . "ZRDCODYN" END "ZRDCODYN" , CASE WHEN "D" . "ZPOGDISYN" = RTRIM( N'' ) THEN N'O' ELSE "D" . "ZPOGDISYN" END "ZPOGDISYN" , "E" . "NAME1" , "F" . "MAKTX" , SUM( ( CASE WHEN "A" . "LGORT" = N'1000' THEN "A" . "LBKUM" END ) ) "MENGE1" , SUM( ( CASE WHEN "A" . "LGORT" = N'1010' THEN "A" . "LBKUM" END ) ) "MENGE2" , SUM( ( CASE WHEN "A" . "LGORT" = N'1020' THEN "A" . "LBKUM" END ) ) "MENGE3" , SUM( ( CASE WHEN "A" . "LGORT" = N'1030' THEN "A" . "LBKUM" END ) ) "MENGE4" , SUM( ( CASE WHEN "A" . "LGORT" = N'1040' THEN "A" . "LBKUM" END ) ) "MENGE5" , SUM( "A" . "LBKUM" ) "MENGE" FROM /* Entity name: ZCDS_MM_DATESTOCK_DDL */ "ZCDSMM010" ( "P_KEYDATE" => ? ) "A" INNER JOIN "MARA" "B" ON "A" . "MANDT" = "B" . "MANDT" AND "A" . "MATNR" = "B" . "MATNR" INNER JOIN /* Redirected table: MARC */ "NSDM_V_MARC" "D" ON "A" . "MANDT" = "D" . "MANDT" AND "D" . "MATNR" = "A" . "MATNR" AND "D" . "WERKS" = "A" . "WERKS" INNER JOIN "T001W" "E" ON "A" . "MANDT" = "E" . "MANDT" AND "A" . "WERKS" = "E" . "WERKS" INNER JOIN "MAKT" "F" ON "A" . "MANDT" = "F" . "MANDT" AND "A" . "MATNR" = "F" . "MATNR" AND "F" . "SPRAS" = ? LEFT OUTER JOIN "MAKT" ON "A" . "MANDT" = "MAKT" . "MANDT" AND "B" . "SATNR" = "MAKT" . "MATNR" AND "MAKT" . "SPRAS" = ? WHERE "A" . "MANDT" = ? AND "A" . "WERKS" = ? AND "A" . "LGORT" <> N'' AND "A" . "LBBSA_SID" = N'01' AND "B" . "ZBIZTPCD" = ? AND "B" . "MATKL" = ? GROUP BY "A" . "MATNR" , "A" . "WERKS" , "A" . "MEINS" , "B" . "SATNR" , "B" . "MATKL" , "MAKT" . "MAKTX" , "A" . "WAERS" , "D" . "MMSTA" , "D" . "ZSTLIFNR" , "D" . "ZFNCSTRCD" , "D" . "ZPURSTRCD" , "D" . "ZSTPURUOM" , "D" . "ZRDCODYN" , "D" . "ZPOGDISYN" , "E" . "NAME1" , "F" . "MAKTX"
20260307105505950624000		SAPLZMM011	10,649	5,295.293000000	0.497000000	29.128000000	1,218,904	11,283,593,248	6,670,508,949,962	SELECT /* FDA WRITE */ "A" . "MATNR" , "A" . "WERKS" , "A" . "LGORT" , "A" . "MEINS" , "A" . "WAERS" "ZWAERS" , SUM( ( CASE WHEN "A" . "LBBSA_SID" = N'01' THEN "A" . "LBKUM" END ) ) "LABST" , SUM( ( CASE WHEN "A" . "LBBSA_SID" = N'02' THEN "A" . "LBKUM" END ) ) "INSME" , SUM( ( CASE WHEN "A" . "LBBSA_SID" <> N'07' THEN "A" . "LBKUM" END ) ) "LBKUM" , SUM( ( CASE WHEN "A" . "LBBSA_SID" <> N'07' THEN "A" . "SALK3" END ) ) "SALK3" FROM ? "B" ("MATNR" NVARCHAR(40)) INNER JOIN /* Entity name: ZCDS_MM_CURSTOCK_DDL */ "ZCDSMM011" "A" ON "A" . "MANDT" = ? AND "A" . "MATNR" = "B" . "MATNR" WHERE "A" . "WERKS" = ? AND "A" . "LGORT" = ? GROUP BY "A" . "MATNR" , "A" . "WERKS" , "A" . "LGORT" , "A" . "MEINS" , "A" . "WAERS"
20260307115503138188000		SAPLZMM405	11,030	5,103.685000000	0.463000000	8.254000000	1,767,464	2,484,080,584	3,305,311,834,237	SELECT /* FDA READ */ N'T' "GUBUN" , "A" . "MATNR" , "A" . "WERKS" , "A" . "MEINS" , "A" . "WAERS" , "B" . "SATNR" , "B" . "MATKL" , "MAKT" . "MAKTX" "SAKTX" , "D" . "MMSTA" , "D" . "ZSTLIFNR" "LIFNR" , "D" . "ZFNCSTRCD" , "D" . "ZPURSTRCD" "ZPURTYCD" , "D" . "ZSTPURUOM" , CASE WHEN "D" . "ZRDCODYN" = RTRIM( N'' ) THEN N'O' ELSE "D" . "ZRDCODYN" END "ZRDCODYN" , CASE WHEN "D" . "ZPOGDISYN" = RTRIM( N'' ) THEN N'O' ELSE "D" . "ZPOGDISYN" END "ZPOGDISYN" , "E" . "NAME1" , "F" . "MAKTX" , SUM( ( CASE WHEN "A" . "LGORT" = N'1000' THEN "A" . "LBKUM" END ) ) "MENGE1" , SUM( ( CASE WHEN "A" . "LGORT" = N'1010' THEN "A" . "LBKUM" END ) ) "MENGE2" , SUM( ( CASE WHEN "A" . "LGORT" = N'1020' THEN "A" . "LBKUM" END ) ) "MENGE3" , SUM( ( CASE WHEN "A" . "LGORT" = N'1030' THEN "A" . "LBKUM" END ) ) "MENGE4" , SUM( ( CASE WHEN "A" . "LGORT" = N'1040' THEN "A" . "LBKUM" END ) ) "MENGE5" , SUM( "A" . "LBKUM" ) "MENGE" FROM /* Entity name: ZCDS_MM_CURSTOCK_DDL */ "ZCDSMM011" "A" INNER JOIN "MARA" "B" ON "A" . "MANDT" = "B" . "MANDT" AND "A" . "MATNR" = "B" . "MATNR" INNER JOIN /* Redirected table: MARC */ "NSDM_V_MARC" "D" ON "A" . "MANDT" = "D" . "MANDT" AND "D" . "MATNR" = "A" . "MATNR" AND "D" . "WERKS" = "A" . "WERKS" INNER JOIN "T001W" "E" ON "A" . "MANDT" = "E" . "MANDT" AND "A" . "WERKS" = "E" . "WERKS" INNER JOIN "MAKT" "F" ON "A" . "MANDT" = "F" . "MANDT" AND "A" . "MATNR" = "F" . "MATNR" AND "F" . "SPRAS" = ? LEFT OUTER JOIN "MAKT" ON "A" . "MANDT" = "MAKT" . "MANDT" AND "B" . "SATNR" = "MAKT" . "MATNR" AND "MAKT" . "SPRAS" = ? WHERE "A" . "MANDT" = ? AND "A" . "WERKS" = ? AND "A" . "LGORT" <> N'' AND "A" . "LBBSA_SID" = N'01' AND "B" . "ZBIZTPCD" = ? AND "B" . "MATKL" = ? GROUP BY "A" . "MATNR" , "A" . "WERKS" , "A" . "MEINS" , "B" . "SATNR" , "MAKT" . "MAKTX" , "B" . "MATKL" , "A" . "WAERS" , "D" . "MMSTA" , "D" . "ZSTLIFNR" , "D" . "ZFNCSTRCD" , "D" . "ZPURSTRCD" , "D" . "ZSTPURUOM" , "D" . "ZRDCODYN" , "D" . "ZPOGDISYN" , "E" . "NAME1" , "F" . "MAKTX"
20260307125459367936000		SAPLZMM405	10,535	4,915.920000000	0.467000000	4.687000000	1,767,784	2,438,561,480	3,381,287,062,590	SELECT /* FDA READ */ N'T' "GUBUN" , "A" . "MATNR" , "A" . "WERKS" , "A" . "MEINS" , "A" . "WAERS" , "B" . "SATNR" , "B" . "MATKL" , "MAKT" . "MAKTX" "SAKTX" , "D" . "MMSTA" , "D" . "ZSTLIFNR" "LIFNR" , "D" . "ZFNCSTRCD" , "D" . "ZPURSTRCD" "ZPURTYCD" , "D" . "ZSTPURUOM" , CASE WHEN "D" . "ZRDCODYN" = RTRIM( N'' ) THEN N'O' ELSE "D" . "ZRDCODYN" END "ZRDCODYN" , CASE WHEN "D" . "ZPOGDISYN" = RTRIM( N'' ) THEN N'O' ELSE "D" . "ZPOGDISYN" END "ZPOGDISYN" , "E" . "NAME1" , "F" . "MAKTX" , SUM( ( CASE WHEN "A" . "LGORT" = N'1000' THEN "A" . "LBKUM" END ) ) "MENGE1" , SUM( ( CASE WHEN "A" . "LGORT" = N'1010' THEN "A" . "LBKUM" END ) ) "MENGE2" , SUM( ( CASE WHEN "A" . "LGORT" = N'1020' THEN "A" . "LBKUM" END ) ) "MENGE3" , SUM( ( CASE WHEN "A" . "LGORT" = N'1030' THEN "A" . "LBKUM" END ) ) "MENGE4" , SUM( ( CASE WHEN "A" . "LGORT" = N'1040' THEN "A" . "LBKUM" END ) ) "MENGE5" , SUM( "A" . "LBKUM" ) "MENGE" FROM /* Entity name: ZCDS_MM_CURSTOCK_DDL */ "ZCDSMM011" "A" INNER JOIN "MARA" "B" ON "A" . "MANDT" = "B" . "MANDT" AND "A" . "MATNR" = "B" . "MATNR" INNER JOIN /* Redirected table: MARC */ "NSDM_V_MARC" "D" ON "A" . "MANDT" = "D" . "MANDT" AND "D" . "MATNR" = "A" . "MATNR" AND "D" . "WERKS" = "A" . "WERKS" INNER JOIN "T001W" "E" ON "A" . "MANDT" = "E" . "MANDT" AND "A" . "WERKS" = "E" . "WERKS" INNER JOIN "MAKT" "F" ON "A" . "MANDT" = "F" . "MANDT" AND "A" . "MATNR" = "F" . "MATNR" AND "F" . "SPRAS" = ? LEFT OUTER JOIN "MAKT" ON "A" . "MANDT" = "MAKT" . "MANDT" AND "B" . "SATNR" = "MAKT" . "MATNR" AND "MAKT" . "SPRAS" = ? WHERE "A" . "MANDT" = ? AND "A" . "WERKS" = ? AND "A" . "LGORT" <> N'' AND "A" . "LBBSA_SID" = N'01' AND "B" . "ZBIZTPCD" = ? AND "B" . "MATKL" = ? GROUP BY "A" . "MATNR" , "A" . "WERKS" , "A" . "MEINS" , "B" . "SATNR" , "MAKT" . "MAKTX" , "B" . "MATKL" , "A" . "WAERS" , "D" . "MMSTA" , "D" . "ZSTLIFNR" , "D" . "ZFNCSTRCD" , "D" . "ZPURSTRCD" , "D" . "ZSTPURUOM" , "D" . "ZRDCODYN" , "D" . "ZPOGDISYN" , "E" . "NAME1" , "F" . "MAKTX"
20260307105505897512000		SAPLZMM405	8,354	4,459.441000000	0.534000000	3.870000000	1,099,500	2,458,795,488	4,972,630,991,780	SELECT /* FDA READ */ N'Y' "GUBUN" , "A" . "MATNR" , "A" . "WERKS" , "A" . "MEINS" , "A" . "WAERS" , "B" . "SATNR" , "B" . "MATKL" , "MAKT" . "MAKTX" "SAKTX" , "D" . "MMSTA" , "D" . "ZSTLIFNR" "LIFNR" , "D" . "ZFNCSTRCD" , "D" . "ZPURSTRCD" "ZPURTYCD" , "D" . "ZSTPURUOM" , CASE WHEN "D" . "ZRDCODYN" = RTRIM( N'' ) THEN N'O' ELSE "D" . "ZRDCODYN" END "ZRDCODYN" , CASE WHEN "D" . "ZPOGDISYN" = RTRIM( N'' ) THEN N'O' ELSE "D" . "ZPOGDISYN" END "ZPOGDISYN" , "E" . "NAME1" , "F" . "MAKTX" , SUM( ( CASE WHEN "A" . "LGORT" = N'1000' THEN "A" . "LBKUM" END ) ) "MENGE1" , SUM( ( CASE WHEN "A" . "LGORT" = N'1010' THEN "A" . "LBKUM" END ) ) "MENGE2" , SUM( ( CASE WHEN "A" . "LGORT" = N'1020' THEN "A" . "LBKUM" END ) ) "MENGE3" , SUM( ( CASE WHEN "A" . "LGORT" = N'1030' THEN "A" . "LBKUM" END ) ) "MENGE4" , SUM( ( CASE WHEN "A" . "LGORT" = N'1040' THEN "A" . "LBKUM" END ) ) "MENGE5" , SUM( "A" . "LBKUM" ) "MENGE" FROM /* Entity name: ZCDS_MM_DATESTOCK_DDL */ "ZCDSMM010" ( "P_KEYDATE" => ? ) "A" INNER JOIN "MARA" "B" ON "A" . "MANDT" = "B" . "MANDT" AND "A" . "MATNR" = "B" . "MATNR" INNER JOIN /* Redirected table: MARC */ "NSDM_V_MARC" "D" ON "A" . "MANDT" = "D" . "MANDT" AND "D" . "MATNR" = "A" . "MATNR" AND "D" . "WERKS" = "A" . "WERKS" INNER JOIN "T001W" "E" ON "A" . "MANDT" = "E" . "MANDT" AND "A" . "WERKS" = "E" . "WERKS" INNER JOIN "MAKT" "F" ON "A" . "MANDT" = "F" . "MANDT" AND "A" . "MATNR" = "F" . "MATNR" AND "F" . "SPRAS" = ? LEFT OUTER JOIN "MAKT" ON "A" . "MANDT" = "MAKT" . "MANDT" AND "B" . "SATNR" = "MAKT" . "MATNR" AND "MAKT" . "SPRAS" = ? WHERE "A" . "MANDT" = ? AND "A" . "WERKS" = ? AND "A" . "LGORT" <> N'' AND "A" . "LBBSA_SID" = N'01' AND "B" . "ZBIZTPCD" = ? AND "B" . "MATKL" = ? GROUP BY "A" . "MATNR" , "A" . "WERKS" , "A" . "MEINS" , "B" . "SATNR" , "B" . "MATKL" , "MAKT" . "MAKTX" , "A" . "WAERS" , "D" . "MMSTA" , "D" . "ZSTLIFNR" , "D" . "ZFNCSTRCD" , "D" . "ZPURSTRCD" , "D" . "ZSTPURUOM" , "D" . "ZRDCODYN" , "D" . "ZPOGDISYN" , "E" . "NAME1" , "F" . "MAKTX"
20260307135504588446000		SAPLZMM405	9,198	4,323.146000000	0.470000000	4.296000000	1,772,776	2,435,381,896	2,965,498,728,076	SELECT /* FDA READ */ N'T' "GUBUN" , "A" . "MATNR" , "A" . "WERKS" , "A" . "MEINS" , "A" . "WAERS" , "B" . "SATNR" , "B" . "MATKL" , "MAKT" . "MAKTX" "SAKTX" , "D" . "MMSTA" , "D" . "ZSTLIFNR" "LIFNR" , "D" . "ZFNCSTRCD" , "D" . "ZPURSTRCD" "ZPURTYCD" , "D" . "ZSTPURUOM" , CASE WHEN "D" . "ZRDCODYN" = RTRIM( N'' ) THEN N'O' ELSE "D" . "ZRDCODYN" END "ZRDCODYN" , CASE WHEN "D" . "ZPOGDISYN" = RTRIM( N'' ) THEN N'O' ELSE "D" . "ZPOGDISYN" END "ZPOGDISYN" , "E" . "NAME1" , "F" . "MAKTX" , SUM( ( CASE WHEN "A" . "LGORT" = N'1000' THEN "A" . "LBKUM" END ) ) "MENGE1" , SUM( ( CASE WHEN "A" . "LGORT" = N'1010' THEN "A" . "LBKUM" END ) ) "MENGE2" , SUM( ( CASE WHEN "A" . "LGORT" = N'1020' THEN "A" . "LBKUM" END ) ) "MENGE3" , SUM( ( CASE WHEN "A" . "LGORT" = N'1030' THEN "A" . "LBKUM" END ) ) "MENGE4" , SUM( ( CASE WHEN "A" . "LGORT" = N'1040' THEN "A" . "LBKUM" END ) ) "MENGE5" , SUM( "A" . "LBKUM" ) "MENGE" FROM /* Entity name: ZCDS_MM_CURSTOCK_DDL */ "ZCDSMM011" "A" INNER JOIN "MARA" "B" ON "A" . "MANDT" = "B" . "MANDT" AND "A" . "MATNR" = "B" . "MATNR" INNER JOIN /* Redirected table: MARC */ "NSDM_V_MARC" "D" ON "A" . "MANDT" = "D" . "MANDT" AND "D" . "MATNR" = "A" . "MATNR" AND "D" . "WERKS" = "A" . "WERKS" INNER JOIN "T001W" "E" ON "A" . "MANDT" = "E" . "MANDT" AND "A" . "WERKS" = "E" . "WERKS" INNER JOIN "MAKT" "F" ON "A" . "MANDT" = "F" . "MANDT" AND "A" . "MATNR" = "F" . "MATNR" AND "F" . "SPRAS" = ? LEFT OUTER JOIN "MAKT" ON "A" . "MANDT" = "MAKT" . "MANDT" AND "B" . "SATNR" = "MAKT" . "MATNR" AND "MAKT" . "SPRAS" = ? WHERE "A" . "MANDT" = ? AND "A" . "WERKS" = ? AND "A" . "LGORT" <> N'' AND "A" . "LBBSA_SID" = N'01' AND "B" . "ZBIZTPCD" = ? AND "B" . "MATKL" = ? GROUP BY "A" . "MATNR" , "A" . "WERKS" , "A" . "MEINS" , "B" . "SATNR" , "MAKT" . "MAKTX" , "B" . "MATKL" , "A" . "WAERS" , "D" . "MMSTA" , "D" . "ZSTLIFNR" , "D" . "ZFNCSTRCD" , "D" . "ZPURSTRCD" , "D" . "ZSTPURUOM" , "D" . "ZRDCODYN" , "D" . "ZPOGDISYN" , "E" . "NAME1" , "F" . "MAKTX"
20260307125455983989000		SAPLZPP600	1,408	4,007.316000000	2.846000000	5.679000000	50,295,523	1,781,827,555	1,253,736,781,403	SELECT /* FDA READ */ "MATERIAL" "MATNR" , "PLANT" "WERKS" , SUM( "MATLWRHSSTKQTYINMATLBASEUNIT" ) "MENGE" , "MATERIALBASEUNIT" "MEINS" FROM /* Entity name: P_MATERIALSTOCK_AGGR */ "PMATSTOCKAGGR" "P_MATERIALSTOCK_AGGR" WHERE "MANDT" = ? AND "PLANT" = ? AND "MATLDOCLATESTPOSTGDATE" <= ? AND "STORAGELOCATION" = N'1000' GROUP BY "MATERIAL" , "PLANT" , "MATERIALBASEUNIT" ORDER BY "MATNR" , "WERKS" , "MEINS"
20260307115502690673000		SAPLZPP600	1,423	3,955.328000000	2.780000000	5.888000000	28,210,072	1,820,118,888	1,172,868,795,938	SELECT /* FDA READ */ "MATERIAL" "MATNR" , "PLANT" "WERKS" , SUM( "MATLWRHSSTKQTYINMATLBASEUNIT" ) "MENGE" , "MATERIALBASEUNIT" "MEINS" FROM /* Entity name: P_MATERIALSTOCK_AGGR */ "PMATSTOCKAGGR" "P_MATERIALSTOCK_AGGR" WHERE "MANDT" = ? AND "PLANT" = ? AND "MATLDOCLATESTPOSTGDATE" <= ? AND "STORAGELOCATION" = N'1000' GROUP BY "MATERIAL" , "PLANT" , "MATERIALBASEUNIT" ORDER BY "MATNR" , "WERKS" , "MEINS"
20260307163151951172000		SAPLZMM005	15,107	3,932.462000000	0.260000000	2.847000000	66,236,016	302,671,072	1,706,590,513,920	SELECT /* FDA WRITE */ "A" . "MATNR" , "A" . "WERKS" , "C" . "WERKS" "NEO_CT" , "C" . "ZFNCSTRCD" "NEO_FN" FROM ? "A" ("WERKS" NVARCHAR(4), "MATNR" NVARCHAR(40), "RCV_PATH_CODE" NVARCHAR(1)) INNER JOIN "ZCAT00031" "B" ON "B" . "MANDT" = ? AND "B" . "CODE" = N'MM-03-0502' AND "A" . "WERKS" = "B" . "CODE1" AND "A" . "RCV_PATH_CODE" = N'1' INNER JOIN /* Redirected table: MARC */ "NSDM_V_MARC" "C" ON "C" . "MANDT" = ? AND "B" . "CODE2" = "C" . "WERKS" AND "A" . "MATNR" = "C" . "MATNR"
20260307145455235542000		ZCL_U4A_APP_ESOQMR00340U======CP	381	3,802.807000000	9.981000000	14.306000000	2,293,628,160	2,298,002,376	873,930,525,468	SELECT /* FDA WRITE */ SUM( "A" . "LABST" ) "LABST" , "A" . "MATNR" , "A" . "WERKS" FROM /* Redirected table: MARD */ "NSDM_V_MARD" "A" INNER JOIN ? "B" ("WERKS" NVARCHAR(4), "MATNR" NVARCHAR(40)) ON "B" . "MATNR" = "A" . "MATNR" AND "B" . "WERKS" = "A" . "WERKS" INNER JOIN "MARA" "C" ON "A" . "MANDT" = "C" . "MANDT" AND "C" . "MATNR" = "B" . "MATNR" WHERE "A" . "MANDT" = ? AND "A" . "LGORT" = N'1000' GROUP BY "A" . "MATNR" , "A" . "WERKS"
20260307145507560142000		SAPLZMM005	12,848	3,484.819000000	0.271000000	2.676000000	65,703,216	294,188,224	1,421,312,828,956	SELECT /* FDA WRITE */ "A" . "MATNR" , "A" . "WERKS" , "C" . "WERKS" "NEO_CT" , "C" . "ZFNCSTRCD" "NEO_FN" FROM ? "A" ("WERKS" NVARCHAR(4), "MATNR" NVARCHAR(40), "RCV_PATH_CODE" NVARCHAR(1)) INNER JOIN "ZCAT00031" "B" ON "B" . "MANDT" = ? AND "B" . "CODE" = N'MM-03-0502' AND "A" . "WERKS" = "B" . "CODE1" AND "A" . "RCV_PATH_CODE" = N'1' INNER JOIN /* Redirected table: MARC */ "NSDM_V_MARC" "C" ON "C" . "MANDT" = ? AND "B" . "CODE2" = "C" . "WERKS" AND "A" . "MATNR" = "C" . "MATNR"
20260307135459846926000		SAPLZPP600	1,251	3,458.832000000	2.765000000	7.449000000	49,221,315	1,739,191,635	1,059,696,449,089	SELECT /* FDA READ */ "MATERIAL" "MATNR" , "PLANT" "WERKS" , SUM( "MATLWRHSSTKQTYINMATLBASEUNIT" ) "MENGE" , "MATERIALBASEUNIT" "MEINS" FROM /* Entity name: P_MATERIALSTOCK_AGGR */ "PMATSTOCKAGGR" "P_MATERIALSTOCK_AGGR" WHERE "MANDT" = ? AND "PLANT" = ? AND "MATLDOCLATESTPOSTGDATE" <= ? AND "STORAGELOCATION" = N'1000' GROUP BY "MATERIAL" , "PLANT" , "MATERIALBASEUNIT" ORDER BY "MATNR" , "WERKS" , "MEINS"
20260307105506797779000		SAPLZMM405	8,354	3,346.193000000	0.401000000	3.705000000	1,767,160	2,457,248,488	2,385,760,864,415	SELECT /* FDA READ */ N'T' "GUBUN" , "A" . "MATNR" , "A" . "WERKS" , "A" . "MEINS" , "A" . "WAERS" , "B" . "SATNR" , "B" . "MATKL" , "MAKT" . "MAKTX" "SAKTX" , "D" . "MMSTA" , "D" . "ZSTLIFNR" "LIFNR" , "D" . "ZFNCSTRCD" , "D" . "ZPURSTRCD" "ZPURTYCD" , "D" . "ZSTPURUOM" , CASE WHEN "D" . "ZRDCODYN" = RTRIM( N'' ) THEN N'O' ELSE "D" . "ZRDCODYN" END "ZRDCODYN" , CASE WHEN "D" . "ZPOGDISYN" = RTRIM( N'' ) THEN N'O' ELSE "D" . "ZPOGDISYN" END "ZPOGDISYN" , "E" . "NAME1" , "F" . "MAKTX" , SUM( ( CASE WHEN "A" . "LGORT" = N'1000' THEN "A" . "LBKUM" END ) ) "MENGE1" , SUM( ( CASE WHEN "A" . "LGORT" = N'1010' THEN "A" . "LBKUM" END ) ) "MENGE2" , SUM( ( CASE WHEN "A" . "LGORT" = N'1020' THEN "A" . "LBKUM" END ) ) "MENGE3" , SUM( ( CASE WHEN "A" . "LGORT" = N'1030' THEN "A" . "LBKUM" END ) ) "MENGE4" , SUM( ( CASE WHEN "A" . "LGORT" = N'1040' THEN "A" . "LBKUM" END ) ) "MENGE5" , SUM( "A" . "LBKUM" ) "MENGE" FROM /* Entity name: ZCDS_MM_CURSTOCK_DDL */ "ZCDSMM011" "A" INNER JOIN "MARA" "B" ON "A" . "MANDT" = "B" . "MANDT" AND "A" . "MATNR" = "B" . "MATNR" INNER JOIN /* Redirected table: MARC */ "NSDM_V_MARC" "D" ON "A" . "MANDT" = "D" . "MANDT" AND "D" . "MATNR" = "A" . "MATNR" AND "D" . "WERKS" = "A" . "WERKS" INNER JOIN "T001W" "E" ON "A" . "MANDT" = "E" . "MANDT" AND "A" . "WERKS" = "E" . "WERKS" INNER JOIN "MAKT" "F" ON "A" . "MANDT" = "F" . "MANDT" AND "A" . "MATNR" = "F" . "MATNR" AND "F" . "SPRAS" = ? LEFT OUTER JOIN "MAKT" ON "A" . "MANDT" = "MAKT" . "MANDT" AND "B" . "SATNR" = "MAKT" . "MATNR" AND "MAKT" . "SPRAS" = ? WHERE "A" . "MANDT" = ? AND "A" . "WERKS" = ? AND "A" . "LGORT" <> N'' AND "A" . "LBBSA_SID" = N'01' AND "B" . "ZBIZTPCD" = ? AND "B" . "MATKL" = ? GROUP BY "A" . "MATNR" , "A" . "WERKS" , "A" . "MEINS" , "B" . "SATNR" , "MAKT" . "MAKTX" , "B" . "MATKL" , "A" . "WAERS" , "D" . "MMSTA" , "D" . "ZSTLIFNR" , "D" . "ZFNCSTRCD" , "D" . "ZPURSTRCD" , "D" . "ZSTPURUOM" , "D" . "ZRDCODYN" , "D" . "ZPOGDISYN" , "E" . "NAME1" , "F" . "MAKTX"
20260307145509551160000		SAPLZMM005	8,753	3,318.513000000	0.379000000	1.300000000	3,279,952	3,286,400	28,727,035,856	SELECT /* FDA READ */ "ZDATE" , "WERKS" , "WERKS_HOLI_FG" FROM "ZCAT05015" WHERE "MANDT" = ? AND "ZDATE" BETWEEN ? AND ?
20260307175443118620000		ZCL_U4A_APP_ESOQMR00340U======CP	402	3,305.554000000	8.223000000	10.674000000	2,293,650,032	2,295,180,944	922,107,320,856	SELECT /* FDA WRITE */ SUM( "A" . "LABST" ) "LABST" , "A" . "MATNR" , "A" . "WERKS" FROM /* Redirected table: MARD */ "NSDM_V_MARD" "A" INNER JOIN ? "B" ("WERKS" NVARCHAR(4), "MATNR" NVARCHAR(40)) ON "B" . "MATNR" = "A" . "MATNR" AND "B" . "WERKS" = "A" . "WERKS" INNER JOIN "MARA" "C" ON "A" . "MANDT" = "C" . "MANDT" AND "C" . "MATNR" = "B" . "MATNR" WHERE "A" . "MANDT" = ? AND "A" . "LGORT" = N'1000' GROUP BY "A" . "MATNR" , "A" . "WERKS"
20260307145508158185000		SAPLZSD013	5,029	3,134.237000000	0.623000000	4.773000000	964,816	848,565,212	628,735,443,464	SELECT /* FDA WRITE */ "VBRK" . "FKDAT" , "VBRP" . "WERKS" , "VBRP" . "MATNR" , "VBRP" . "VRKME" , "VBRP" . "MEINS" , "VBRK" . "WAERK" , SUM( ( CASE "VBRP" . "SHKZG" WHEN N'X' THEN ( ABS( "VBRP" . "FKIMG" ) * CAST( -1 AS INTEGER ) ) ELSE ABS( "VBRP" . "FKIMG" ) END ) ) "KWMENG" , SUM( ( CASE "VBRP" . "SHKZG" WHEN N'X' THEN ( ABS( "VBRP" . "FKLMG" ) * CAST( -1 AS INTEGER ) ) ELSE ABS( "VBRP" . "FKLMG" ) END ) ) "FKLMG" , SUM( ( CASE "VBRP" . "SHKZG" WHEN N'X' THEN ( ABS( "VBRP" . "KZWI1" ) * CAST( -1 AS INTEGER ) ) ELSE ABS( "VBRP" . "KZWI1" ) END ) ) "SALES_AMT" FROM ? "I" ("WERKS" NVARCHAR(4), "MATNR" NVARCHAR(40)) INNER JOIN "VBRP" ON "VBRP" . "MANDT" = ? AND "VBRP" . "WERKS" = "I" . "WERKS" AND "VBRP" . "MATNR" = "I" . "MATNR" INNER JOIN "VBRK" ON "VBRK" . "MANDT" = ? AND "VBRK" . "VBELN" = "VBRP" . "VBELN" WHERE "VBRK" . "FKDAT" BETWEEN ? AND ? AND "VBRK" . "FKSTO" = N'' AND "VBRK" . "SFAKN" = N'' GROUP BY "VBRK" . "FKDAT" , "VBRP" . "WERKS" , "VBRP" . "MATNR" , "VBRP" . "VRKME" , "VBRP" . "MEINS" , "VBRK" . "WAERK"
20260307145501693404000		SAPLZPP600	1,036	3,052.735000000	2.947000000	7.211000000	24,708,700	1,790,661,062	843,108,878,923	SELECT /* FDA READ */ "MATERIAL" "MATNR" , "PLANT" "WERKS" , SUM( "MATLWRHSSTKQTYINMATLBASEUNIT" ) "MENGE" , "MATERIALBASEUNIT" "MEINS" FROM /* Entity name: P_MATERIALSTOCK_AGGR */ "PMATSTOCKAGGR" "P_MATERIALSTOCK_AGGR" WHERE "MANDT" = ? AND "PLANT" = ? AND "MATLDOCLATESTPOSTGDATE" <= ? AND "STORAGELOCATION" = N'1000' GROUP BY "MATERIAL" , "PLANT" , "MATERIALBASEUNIT" ORDER BY "MATNR" , "WERKS" , "MEINS"
20260307174123398579000		CL_NSDM_MTDCSA_PRECOMP========CP	5,406,127	3,023.683000000	0.001000000	0.504000000	13,712	14,000	74,128,922,864	"INSERT INTO ""/1DH/ML000000025""
 ( ""/1DH/SEQUENCE"", ""/1DH/TIMESTAMP"", ""MANDT"", ""KEY1"", ""KEY2"", ""KEY3"", ""KEY4"", ""KEY5"", ""KEY6"", ""/1DH/OPERATION"", ""/1DH/USER"" )
 VALUES (
 ""SEQ_/1DH/ML000000025"".NEXTVAL,
 to_char(CURRENT_UTCTIMESTAMP, 'yyyymmddhh24missFF7'),
 $1,
 $2,
 $3,
 $4,
 $5,
 $6,
 $7,
 
 'D',
 SUBSTRING(SESSION_CONTEXT('APPLICATIONUSER'),1,12)
 )"
20260307105453456862000		SAPLZPP600	1,257	2,945.184000000	2.343000000	5.609000000	25,395,892	1,759,475,229	844,030,714,398	SELECT /* FDA READ */ "MATERIAL" "MATNR" , "PLANT" "WERKS" , SUM( "MATLWRHSSTKQTYINMATLBASEUNIT" ) "MENGE" , "MATERIALBASEUNIT" "MEINS" FROM /* Entity name: P_MATERIALSTOCK_AGGR */ "PMATSTOCKAGGR" "P_MATERIALSTOCK_AGGR" WHERE "MANDT" = ? AND "PLANT" = ? AND "MATLDOCLATESTPOSTGDATE" <= ? AND "STORAGELOCATION" = N'1000' GROUP BY "MATERIAL" , "PLANT" , "MATERIALBASEUNIT" ORDER BY "MATNR" , "WERKS" , "MEINS"
20260307165504026069000		SAPLZMM410	22,343	2,897.215000000	0.130000000	1.777000000	0	80,230,552	137,298,123,268	SELECT /* FDA WRITE */ DISTINCT  "A" . "WERKS" , "A" . "MATNR" , "A" . "EBELN" , "A" . "EBELP" , "C" . "VBELN" , CAST( 0 AS DECIMAL(15,3) ) "DEL_QTY" , RTRIM( CAST( N'' AS NVARCHAR(4) ) ) "LGORT" , RTRIM( CAST( N'' AS NVARCHAR(4) ) ) "WERKS_D" , "A" . "ZZBATCH_CODE" FROM "EKPO" "A" INNER JOIN "LIPS" "B" ON "A" . "MANDT" = "B" . "MANDT" AND "B" . "VGBEL" = "A" . "EBELN" AND RTRIM( SUBSTRING( "B" . "VGPOS" , 2 , 5 ) ) = "A" . "EBELP" INNER JOIN "EKKO" ON "A" . "MANDT" = "EKKO" . "MANDT" AND "A" . "EBELN" = "EKKO" . "EBELN" INNER JOIN "LIKP" "C" ON "A" . "MANDT" = "C" . "MANDT" AND "B" . "VBELN" = "C" . "VBELN" INNER JOIN ? "D" ("MATNR" NVARCHAR(40)) ON "A" . "MATNR" = "D" . "MATNR" WHERE "A" . "MANDT" = ? AND "A" . "WERKS" = ? AND "A" . "LOEKZ" = N'' AND "A" . "ZZSTR_RCV_PLAN_DATE" = ? AND "EKKO" . "BSTYP" = N'F' AND "EKKO" . "ZZSLIP_KIND_CODE" = N'50' AND "A" . "ZZBATCH_CODE" IN ( ? , ? ) AND "A" . "ZZRCV_PATH_CODE" = N'6'
20260307135506200820000		SAPLZMM410	25,796	2,895.907000000	0.112000000	0.877000000	160,464	130,913,104	135,354,755,356	SELECT /* FDA WRITE */ DISTINCT  "A" . "WERKS" , "A" . "MATNR" , "A" . "EBELN" , "A" . "EBELP" , "C" . "VBELN" , CAST( 0 AS DECIMAL(15,3) ) "DEL_QTY" , RTRIM( CAST( N'' AS NVARCHAR(4) ) ) "LGORT" , RTRIM( CAST( N'' AS NVARCHAR(4) ) ) "WERKS_D" , "A" . "ZZBATCH_CODE" FROM "EKPO" "A" INNER JOIN "LIPS" "B" ON "A" . "MANDT" = "B" . "MANDT" AND "B" . "VGBEL" = "A" . "EBELN" AND RTRIM( SUBSTRING( "B" . "VGPOS" , 2 , 5 ) ) = "A" . "EBELP" INNER JOIN "EKKO" ON "A" . "MANDT" = "EKKO" . "MANDT" AND "A" . "EBELN" = "EKKO" . "EBELN" INNER JOIN "LIKP" "C" ON "A" . "MANDT" = "C" . "MANDT" AND "B" . "VBELN" = "C" . "VBELN" INNER JOIN ? "D" ("MATNR" NVARCHAR(40)) ON "A" . "MATNR" = "D" . "MATNR" WHERE "A" . "MANDT" = ? AND "A" . "WERKS" = ? AND "A" . "LOEKZ" = N'' AND "A" . "ZZSTR_RCV_PLAN_DATE" = ? AND "EKKO" . "BSTYP" = N'F' AND "EKKO" . "ZZSLIP_KIND_CODE" = N'50' AND "A" . "ZZBATCH_CODE" IN ( ? , ? ) AND "A" . "ZZRCV_PATH_CODE" = N'6'
20260307115504148329000		SAPLZMM410	26,629	2,879.621000000	0.108000000	1.381000000	0	108,367,088	129,475,257,652	SELECT /* FDA WRITE */ DISTINCT  "A" . "WERKS" , "A" . "MATNR" , "A" . "EBELN" , "A" . "EBELP" , "C" . "VBELN" , CAST( 0 AS DECIMAL(15,3) ) "DEL_QTY" , RTRIM( CAST( N'' AS NVARCHAR(4) ) ) "LGORT" , RTRIM( CAST( N'' AS NVARCHAR(4) ) ) "WERKS_D" , "A" . "ZZBATCH_CODE" FROM "EKPO" "A" INNER JOIN "LIPS" "B" ON "A" . "MANDT" = "B" . "MANDT" AND "B" . "VGBEL" = "A" . "EBELN" AND RTRIM( SUBSTRING( "B" . "VGPOS" , 2 , 5 ) ) = "A" . "EBELP" INNER JOIN "EKKO" ON "A" . "MANDT" = "EKKO" . "MANDT" AND "A" . "EBELN" = "EKKO" . "EBELN" INNER JOIN "LIKP" "C" ON "A" . "MANDT" = "C" . "MANDT" AND "B" . "VBELN" = "C" . "VBELN" INNER JOIN ? "D" ("MATNR" NVARCHAR(40)) ON "A" . "MATNR" = "D" . "MATNR" WHERE "A" . "MANDT" = ? AND "A" . "WERKS" = ? AND "A" . "LOEKZ" = N'' AND "A" . "ZZSTR_RCV_PLAN_DATE" = ? AND "EKKO" . "BSTYP" = N'F' AND "EKKO" . "ZZSLIP_KIND_CODE" = N'50' AND "A" . "ZZBATCH_CODE" IN ( ? , ? ) AND "A" . "ZZRCV_PATH_CODE" = N'6'
20260307125500800691000		SAPLZMM410	24,574	2,684.421000000	0.109000000	0.907000000	0	116,941,360	131,835,319,308	SELECT /* FDA WRITE */ DISTINCT  "A" . "WERKS" , "A" . "MATNR" , "A" . "EBELN" , "A" . "EBELP" , "C" . "VBELN" , CAST( 0 AS DECIMAL(15,3) ) "DEL_QTY" , RTRIM( CAST( N'' AS NVARCHAR(4) ) ) "LGORT" , RTRIM( CAST( N'' AS NVARCHAR(4) ) ) "WERKS_D" , "A" . "ZZBATCH_CODE" FROM "EKPO" "A" INNER JOIN "LIPS" "B" ON "A" . "MANDT" = "B" . "MANDT" AND "B" . "VGBEL" = "A" . "EBELN" AND RTRIM( SUBSTRING( "B" . "VGPOS" , 2 , 5 ) ) = "A" . "EBELP" INNER JOIN "EKKO" ON "A" . "MANDT" = "EKKO" . "MANDT" AND "A" . "EBELN" = "EKKO" . "EBELN" INNER JOIN "LIKP" "C" ON "A" . "MANDT" = "C" . "MANDT" AND "B" . "VBELN" = "C" . "VBELN" INNER JOIN ? "D" ("MATNR" NVARCHAR(40)) ON "A" . "MATNR" = "D" . "MATNR" WHERE "A" . "MANDT" = ? AND "A" . "WERKS" = ? AND "A" . "LOEKZ" = N'' AND "A" . "ZZSTR_RCV_PLAN_DATE" = ? AND "EKKO" . "BSTYP" = N'F' AND "EKKO" . "ZZSLIP_KIND_CODE" = N'50' AND "A" . "ZZBATCH_CODE" IN ( ? , ? ) AND "A" . "ZZRCV_PATH_CODE" = N'6'
20260307155505505995000		SAPLZMM410	24,439	2,597.061000000	0.106000000	1.818000000	0	92,324,272	128,141,552,272	SELECT /* FDA WRITE */ DISTINCT  "A" . "WERKS" , "A" . "MATNR" , "A" . "EBELN" , "A" . "EBELP" , "C" . "VBELN" , CAST( 0 AS DECIMAL(15,3) ) "DEL_QTY" , RTRIM( CAST( N'' AS NVARCHAR(4) ) ) "LGORT" , RTRIM( CAST( N'' AS NVARCHAR(4) ) ) "WERKS_D" , "A" . "ZZBATCH_CODE" FROM "EKPO" "A" INNER JOIN "LIPS" "B" ON "A" . "MANDT" = "B" . "MANDT" AND "B" . "VGBEL" = "A" . "EBELN" AND RTRIM( SUBSTRING( "B" . "VGPOS" , 2 , 5 ) ) = "A" . "EBELP" INNER JOIN "EKKO" ON "A" . "MANDT" = "EKKO" . "MANDT" AND "A" . "EBELN" = "EKKO" . "EBELN" INNER JOIN "LIKP" "C" ON "A" . "MANDT" = "C" . "MANDT" AND "B" . "VBELN" = "C" . "VBELN" INNER JOIN ? "D" ("MATNR" NVARCHAR(40)) ON "A" . "MATNR" = "D" . "MATNR" WHERE "A" . "MANDT" = ? AND "A" . "WERKS" = ? AND "A" . "LOEKZ" = N'' AND "A" . "ZZSTR_RCV_PLAN_DATE" = ? AND "EKKO" . "BSTYP" = N'F' AND "EKKO" . "ZZSLIP_KIND_CODE" = N'50' AND "A" . "ZZBATCH_CODE" IN ( ? , ? ) AND "A" . "ZZRCV_PATH_CODE" = N'6'
20260307155458025497000		SAPLZPP600	906	2,595.159000000	2.864000000	5.964000000	25,312,600	1,743,939,498	777,892,950,442	SELECT /* FDA READ */ "MATERIAL" "MATNR" , "PLANT" "WERKS" , SUM( "MATLWRHSSTKQTYINMATLBASEUNIT" ) "MENGE" , "MATERIALBASEUNIT" "MEINS" FROM /* Entity name: P_MATERIALSTOCK_AGGR */ "PMATSTOCKAGGR" "P_MATERIALSTOCK_AGGR" WHERE "MANDT" = ? AND "PLANT" = ? AND "MATLDOCLATESTPOSTGDATE" <= ? AND "STORAGELOCATION" = N'1000' GROUP BY "MATERIAL" , "PLANT" , "MATERIALBASEUNIT" ORDER BY "MATNR" , "WERKS" , "MEINS"
20260307135504315269000		SAPLZSD013	4,462	2,508.708000000	0.562000000	5.318000000	745,312	1,091,666,648	412,794,667,384	SELECT /* FDA WRITE */ "VBRK" . "FKDAT" , "VBRP" . "WERKS" , "VBRP" . "MATNR" , "VBRP" . "VRKME" , "VBRP" . "MEINS" , "VBRK" . "WAERK" , SUM( ( CASE "VBRP" . "SHKZG" WHEN N'X' THEN ( ABS( "VBRP" . "FKIMG" ) * CAST( -1 AS INTEGER ) ) ELSE ABS( "VBRP" . "FKIMG" ) END ) ) "KWMENG" , SUM( ( CASE "VBRP" . "SHKZG" WHEN N'X' THEN ( ABS( "VBRP" . "FKLMG" ) * CAST( -1 AS INTEGER ) ) ELSE ABS( "VBRP" . "FKLMG" ) END ) ) "FKLMG" , SUM( ( CASE "VBRP" . "SHKZG" WHEN N'X' THEN ( ABS( "VBRP" . "KZWI1" ) * CAST( -1 AS INTEGER ) ) ELSE ABS( "VBRP" . "KZWI1" ) END ) ) "SALES_AMT" FROM ? "I" ("WERKS" NVARCHAR(4), "MATNR" NVARCHAR(40)) INNER JOIN "VBRP" ON "VBRP" . "MANDT" = ? AND "VBRP" . "WERKS" = "I" . "WERKS" AND "VBRP" . "MATNR" = "I" . "MATNR" INNER JOIN "VBRK" ON "VBRK" . "MANDT" = ? AND "VBRK" . "VBELN" = "VBRP" . "VBELN" WHERE "VBRK" . "FKDAT" BETWEEN ? AND ? AND "VBRK" . "FKSTO" = N'' AND "VBRK" . "SFAKN" = N'' GROUP BY "VBRK" . "FKDAT" , "VBRP" . "WERKS" , "VBRP" . "MATNR" , "VBRP" . "VRKME" , "VBRP" . "MEINS" , "VBRK" . "WAERK"
20260307125442004010000		ZCL_U4A_APP_ESOQMR00340U======CP	286	2,508.545000000	8.771000000	11.656000000	2,293,626,940	2,294,617,004	656,023,291,404	SELECT /* FDA WRITE */ SUM( "A" . "LABST" ) "LABST" , "A" . "MATNR" , "A" . "WERKS" FROM /* Redirected table: MARD */ "NSDM_V_MARD" "A" INNER JOIN ? "B" ("WERKS" NVARCHAR(4), "MATNR" NVARCHAR(40)) ON "B" . "MATNR" = "A" . "MATNR" AND "B" . "WERKS" = "A" . "WERKS" INNER JOIN "MARA" "C" ON "A" . "MANDT" = "C" . "MANDT" AND "C" . "MATNR" = "B" . "MATNR" WHERE "A" . "MANDT" = ? AND "A" . "LGORT" = N'1000' GROUP BY "A" . "MATNR" , "A" . "WERKS"
20260307165500877061000		SAPLZPP600	866	2,486.653000000	2.871000000	7.432000000	27,336,924	1,776,864,719	769,983,204,805	SELECT /* FDA READ */ "MATERIAL" "MATNR" , "PLANT" "WERKS" , SUM( "MATLWRHSSTKQTYINMATLBASEUNIT" ) "MENGE" , "MATERIALBASEUNIT" "MEINS" FROM /* Entity name: P_MATERIALSTOCK_AGGR */ "PMATSTOCKAGGR" "P_MATERIALSTOCK_AGGR" WHERE "MANDT" = ? AND "PLANT" = ? AND "MATLDOCLATESTPOSTGDATE" <= ? AND "STORAGELOCATION" = N'1000' GROUP BY "MATERIAL" , "PLANT" , "MATERIALBASEUNIT" ORDER BY "MATNR" , "WERKS" , "MEINS"
20260307115452241267000		ZCL_U4A_APP_ESOQMR00340U======CP	272	2,454.317000000	9.023000000	11.606000000	2,293,688,360	2,294,395,720	623,907,153,696	SELECT /* FDA WRITE */ SUM( "A" . "LABST" ) "LABST" , "A" . "MATNR" , "A" . "WERKS" FROM /* Redirected table: MARD */ "NSDM_V_MARD" "A" INNER JOIN ? "B" ("WERKS" NVARCHAR(4), "MATNR" NVARCHAR(40)) ON "B" . "MATNR" = "A" . "MATNR" AND "B" . "WERKS" = "A" . "WERKS" INNER JOIN "MARA" "C" ON "A" . "MANDT" = "C" . "MANDT" AND "C" . "MATNR" = "B" . "MATNR" WHERE "A" . "MANDT" = ? AND "A" . "LGORT" = N'1000' GROUP BY "A" . "MATNR" , "A" . "WERKS"
20260307154604135926000		SAPLZMM005	9,173	2,454.024000000	0.268000000	1.073000000	65,703,232	126,596,176	969,713,618,772	SELECT /* FDA WRITE */ "A" . "MATNR" , "A" . "WERKS" , "C" . "WERKS" "NEO_CT" , "C" . "ZFNCSTRCD" "NEO_FN" FROM ? "A" ("WERKS" NVARCHAR(4), "MATNR" NVARCHAR(40), "RCV_PATH_CODE" NVARCHAR(1)) INNER JOIN "ZCAT00031" "B" ON "B" . "MANDT" = ? AND "B" . "CODE" = N'MM-03-0502' AND "A" . "WERKS" = "B" . "CODE1" AND "A" . "RCV_PATH_CODE" = N'1' INNER JOIN /* Redirected table: MARC */ "NSDM_V_MARC" "C" ON "C" . "MANDT" = ? AND "B" . "CODE2" = "C" . "WERKS" AND "A" . "MATNR" = "C" . "MATNR"
20260307175500602346000		SAPLZMM410	18,171	2,410.842000000	0.133000000	0.894000000	160,464	32,968,908	120,961,075,680	SELECT /* FDA WRITE */ DISTINCT  "A" . "WERKS" , "A" . "MATNR" , "A" . "EBELN" , "A" . "EBELP" , "C" . "VBELN" , CAST( 0 AS DECIMAL(15,3) ) "DEL_QTY" , RTRIM( CAST( N'' AS NVARCHAR(4) ) ) "LGORT" , RTRIM( CAST( N'' AS NVARCHAR(4) ) ) "WERKS_D" , "A" . "ZZBATCH_CODE" FROM "EKPO" "A" INNER JOIN "LIPS" "B" ON "A" . "MANDT" = "B" . "MANDT" AND "B" . "VGBEL" = "A" . "EBELN" AND RTRIM( SUBSTRING( "B" . "VGPOS" , 2 , 5 ) ) = "A" . "EBELP" INNER JOIN "EKKO" ON "A" . "MANDT" = "EKKO" . "MANDT" AND "A" . "EBELN" = "EKKO" . "EBELN" INNER JOIN "LIKP" "C" ON "A" . "MANDT" = "C" . "MANDT" AND "B" . "VBELN" = "C" . "VBELN" INNER JOIN ? "D" ("MATNR" NVARCHAR(40)) ON "A" . "MATNR" = "D" . "MATNR" WHERE "A" . "MANDT" = ? AND "A" . "WERKS" = ? AND "A" . "LOEKZ" = N'' AND "A" . "ZZSTR_RCV_PLAN_DATE" = ? AND "EKKO" . "BSTYP" = N'F' AND "EKKO" . "ZZSLIP_KIND_CODE" = N'50' AND "A" . "ZZBATCH_CODE" IN ( ? , ? ) AND "A" . "ZZRCV_PATH_CODE" = N'6'
20260307125455694723000	ZMMR37240D	ZMMR37240	2,794	2,358.633000000	0.844000000	2.784000000	606,640	989,440,000	1,114,395,332,056	SELECT /* FDA READ */ "A" . "FKDAT" , SUM( ( CASE "B" . "SHKZG" WHEN N'X' THEN ( ABS( "B" . "KZWI1" ) * CAST( -1 AS INTEGER ) ) ELSE ABS( "B" . "KZWI1" ) END ) ) "SALES_AMT" FROM "VBRK" "A" INNER JOIN "VBRP" "B" ON "A" . "MANDT" = "B" . "MANDT" AND "A" . "VBELN" = "B" . "VBELN" INNER JOIN "ZCDS_MCH_MATNR" "C" ON "A" . "MANDT" = "C" . "MANDT" AND "B" . "MATNR" = "C" . "MATNR" WHERE "A" . "MANDT" = ? AND "A" . "FKDAT" BETWEEN ? AND ? AND "A" . "FKSTO" = N'' AND "A" . "SFAKN" = N'' AND "B" . "WERKS" = ? AND "C" . "ZBIZTPCD" = ? AND "C" . "ZMCH_L1" = ? GROUP BY "A" . "FKDAT"
20260307125455694723000	ZMMR37240	ZMMR37240	2,794	2,358.633000000	0.844000000	2.784000000	606,640	989,440,000	1,114,395,332,056	SELECT /* FDA READ */ "A" . "FKDAT" , SUM( ( CASE "B" . "SHKZG" WHEN N'X' THEN ( ABS( "B" . "KZWI1" ) * CAST( -1 AS INTEGER ) ) ELSE ABS( "B" . "KZWI1" ) END ) ) "SALES_AMT" FROM "VBRK" "A" INNER JOIN "VBRP" "B" ON "A" . "MANDT" = "B" . "MANDT" AND "A" . "VBELN" = "B" . "VBELN" INNER JOIN "ZCDS_MCH_MATNR" "C" ON "A" . "MANDT" = "C" . "MANDT" AND "B" . "MATNR" = "C" . "MATNR" WHERE "A" . "MANDT" = ? AND "A" . "FKDAT" BETWEEN ? AND ? AND "A" . "FKSTO" = N'' AND "A" . "SFAKN" = N'' AND "B" . "WERKS" = ? AND "C" . "ZBIZTPCD" = ? AND "C" . "ZMCH_L1" = ? GROUP BY "A" . "FKDAT"
20260307095458596585000		SAPLZMM011	6,575	2,342.250000000	0.356000000	18.976000000	1,096,816	11,259,333,048	3,427,671,747,807	SELECT /* FDA WRITE */ "A" . "MATNR" , "A" . "WERKS" , "A" . "LGORT" , "A" . "MEINS" , "A" . "WAERS" "ZWAERS" , SUM( ( CASE WHEN "A" . "LBBSA_SID" = N'01' THEN "A" . "LBKUM" END ) ) "LABST" , SUM( ( CASE WHEN "A" . "LBBSA_SID" = N'02' THEN "A" . "LBKUM" END ) ) "INSME" , SUM( ( CASE WHEN "A" . "LBBSA_SID" <> N'07' THEN "A" . "LBKUM" END ) ) "LBKUM" , SUM( ( CASE WHEN "A" . "LBBSA_SID" <> N'07' THEN "A" . "SALK3" END ) ) "SALK3" FROM ? "B" ("MATNR" NVARCHAR(40)) INNER JOIN /* Entity name: ZCDS_MM_CURSTOCK_DDL */ "ZCDSMM011" "A" ON "A" . "MANDT" = ? AND "A" . "MATNR" = "B" . "MATNR" WHERE "A" . "WERKS" = ? AND "A" . "LGORT" = ? GROUP BY "A" . "MATNR" , "A" . "WERKS" , "A" . "LGORT" , "A" . "MEINS" , "A" . "WAERS"
20260307115459377162000	ZMMR37240D	ZMMR37240	2,726	2,312.901000000	0.848000000	9.656000000	1,347,648	989,440,000	1,071,344,298,552	SELECT /* FDA READ */ "A" . "FKDAT" , SUM( ( CASE "B" . "SHKZG" WHEN N'X' THEN ( ABS( "B" . "KZWI1" ) * CAST( -1 AS INTEGER ) ) ELSE ABS( "B" . "KZWI1" ) END ) ) "SALES_AMT" FROM "VBRK" "A" INNER JOIN "VBRP" "B" ON "A" . "MANDT" = "B" . "MANDT" AND "A" . "VBELN" = "B" . "VBELN" INNER JOIN "ZCDS_MCH_MATNR" "C" ON "A" . "MANDT" = "C" . "MANDT" AND "B" . "MATNR" = "C" . "MATNR" WHERE "A" . "MANDT" = ? AND "A" . "FKDAT" BETWEEN ? AND ? AND "A" . "FKSTO" = N'' AND "A" . "SFAKN" = N'' AND "B" . "WERKS" = ? AND "C" . "ZBIZTPCD" = ? AND "C" . "ZMCH_L1" = ? GROUP BY "A" . "FKDAT"
20260307115459377162000	ZMMR37240	ZMMR37240	2,726	2,312.901000000	0.848000000	9.656000000	1,347,648	989,440,000	1,071,344,298,552	SELECT /* FDA READ */ "A" . "FKDAT" , SUM( ( CASE "B" . "SHKZG" WHEN N'X' THEN ( ABS( "B" . "KZWI1" ) * CAST( -1 AS INTEGER ) ) ELSE ABS( "B" . "KZWI1" ) END ) ) "SALES_AMT" FROM "VBRK" "A" INNER JOIN "VBRP" "B" ON "A" . "MANDT" = "B" . "MANDT" AND "A" . "VBELN" = "B" . "VBELN" INNER JOIN "ZCDS_MCH_MATNR" "C" ON "A" . "MANDT" = "C" . "MANDT" AND "B" . "MATNR" = "C" . "MATNR" WHERE "A" . "MANDT" = ? AND "A" . "FKDAT" BETWEEN ? AND ? AND "A" . "FKSTO" = N'' AND "A" . "SFAKN" = N'' AND "B" . "WERKS" = ? AND "C" . "ZBIZTPCD" = ? AND "C" . "ZMCH_L1" = ? GROUP BY "A" . "FKDAT"
20260307095459480866000		SAPLZMM405	4,507	2,281.868000000	0.506000000	4.170000000	954,592	2,577,357,824	2,801,456,537,552	SELECT /* FDA READ */ N'Y' "GUBUN" , "A" . "MATNR" , "A" . "WERKS" , "A" . "MEINS" , "A" . "WAERS" , "B" . "SATNR" , "B" . "MATKL" , "MAKT" . "MAKTX" "SAKTX" , "D" . "MMSTA" , "D" . "ZSTLIFNR" "LIFNR" , "D" . "ZFNCSTRCD" , "D" . "ZPURSTRCD" "ZPURTYCD" , "D" . "ZSTPURUOM" , CASE WHEN "D" . "ZRDCODYN" = RTRIM( N'' ) THEN N'O' ELSE "D" . "ZRDCODYN" END "ZRDCODYN" , CASE WHEN "D" . "ZPOGDISYN" = RTRIM( N'' ) THEN N'O' ELSE "D" . "ZPOGDISYN" END "ZPOGDISYN" , "E" . "NAME1" , "F" . "MAKTX" , SUM( ( CASE WHEN "A" . "LGORT" = N'1000' THEN "A" . "LBKUM" END ) ) "MENGE1" , SUM( ( CASE WHEN "A" . "LGORT" = N'1010' THEN "A" . "LBKUM" END ) ) "MENGE2" , SUM( ( CASE WHEN "A" . "LGORT" = N'1020' THEN "A" . "LBKUM" END ) ) "MENGE3" , SUM( ( CASE WHEN "A" . "LGORT" = N'1030' THEN "A" . "LBKUM" END ) ) "MENGE4" , SUM( ( CASE WHEN "A" . "LGORT" = N'1040' THEN "A" . "LBKUM" END ) ) "MENGE5" , SUM( "A" . "LBKUM" ) "MENGE" FROM /* Entity name: ZCDS_MM_DATESTOCK_DDL */ "ZCDSMM010" ( "P_KEYDATE" => ? ) "A" INNER JOIN "MARA" "B" ON "A" . "MANDT" = "B" . "MANDT" AND "A" . "MATNR" = "B" . "MATNR" INNER JOIN /* Redirected table: MARC */ "NSDM_V_MARC" "D" ON "A" . "MANDT" = "D" . "MANDT" AND "D" . "MATNR" = "A" . "MATNR" AND "D" . "WERKS" = "A" . "WERKS" INNER JOIN "T001W" "E" ON "A" . "MANDT" = "E" . "MANDT" AND "A" . "WERKS" = "E" . "WERKS" INNER JOIN "MAKT" "F" ON "A" . "MANDT" = "F" . "MANDT" AND "A" . "MATNR" = "F" . "MATNR" AND "F" . "SPRAS" = ? LEFT OUTER JOIN "MAKT" ON "A" . "MANDT" = "MAKT" . "MANDT" AND "B" . "SATNR" = "MAKT" . "MATNR" AND "MAKT" . "SPRAS" = ? WHERE "A" . "MANDT" = ? AND "A" . "WERKS" = ? AND "A" . "LGORT" <> N'' AND "A" . "LBBSA_SID" = N'01' AND "B" . "ZBIZTPCD" = ? AND "B" . "MATKL" = ? GROUP BY "A" . "MATNR" , "A" . "WERKS" , "A" . "MEINS" , "B" . "SATNR" , "B" . "MATKL" , "MAKT" . "MAKTX" , "A" . "WAERS" , "D" . "MMSTA" , "D" . "ZSTLIFNR" , "D" . "ZFNCSTRCD" , "D" . "ZPURSTRCD" , "D" . "ZSTPURUOM" , "D" . "ZRDCODYN" , "D" . "ZPOGDISYN" , "E" . "NAME1" , "F" . "MAKTX"
20260307155505908066000		SAPLZMM011	6,447	2,229.647000000	0.346000000	29.571000000	1,135,888	11,816,356,024	2,675,760,407,188	SELECT /* FDA WRITE */ "A" . "MATNR" , "A" . "WERKS" , "A" . "LGORT" , "A" . "MEINS" , "A" . "WAERS" "ZWAERS" , SUM( ( CASE WHEN "A" . "LBBSA_SID" = N'01' THEN "A" . "LBKUM" END ) ) "LABST" , SUM( ( CASE WHEN "A" . "LBBSA_SID" = N'02' THEN "A" . "LBKUM" END ) ) "INSME" , SUM( ( CASE WHEN "A" . "LBBSA_SID" <> N'07' THEN "A" . "LBKUM" END ) ) "LBKUM" , SUM( ( CASE WHEN "A" . "LBBSA_SID" <> N'07' THEN "A" . "SALK3" END ) ) "SALK3" FROM ? "B" ("MATNR" NVARCHAR(40)) INNER JOIN /* Entity name: ZCDS_MM_CURSTOCK_DDL */ "ZCDSMM011" "A" ON "A" . "MANDT" = ? AND "A" . "MATNR" = "B" . "MATNR" WHERE "A" . "WERKS" = ? AND "A" . "LGORT" = ? GROUP BY "A" . "MATNR" , "A" . "WERKS" , "A" . "LGORT" , "A" . "MEINS" , "A" . "WAERS"
20260307105450898418000		ZCL_U4A_APP_ESOQMR00340U======CP	264	2,229.471000000	8.445000000	12.440000000	2,293,624,372	2,298,210,260	605,562,078,432	SELECT /* FDA WRITE */ SUM( "A" . "LABST" ) "LABST" , "A" . "MATNR" , "A" . "WERKS" FROM /* Redirected table: MARD */ "NSDM_V_MARD" "A" INNER JOIN ? "B" ("WERKS" NVARCHAR(4), "MATNR" NVARCHAR(40)) ON "B" . "MATNR" = "A" . "MATNR" AND "B" . "WERKS" = "A" . "WERKS" INNER JOIN "MARA" "C" ON "A" . "MANDT" = "C" . "MANDT" AND "C" . "MATNR" = "B" . "MATNR" WHERE "A" . "MANDT" = ? AND "A" . "LGORT" = N'1000' GROUP BY "A" . "MATNR" , "A" . "WERKS"
20260307174517975516000		CL_FML_ACDOCA_M_EXT_UTIL_AMDP=CP	2,957,211	2,090.656000000	0.001000000	0.946000000	13,760	14,048	40,692,753,216	"/* procedure: ""SAPHANADB"".""/1DH/000000005UPD1"" line: 7 col: 2 (at pos 267) */ INSERT INTO ""/1DH/ML000000005""
 ( ""/1DH/SEQUENCE"", ""/1DH/TIMESTAMP"", ""RCLNT"", ""RLDNR"", ""RBUKRS"", ""KALNR"", ""FISCYEARPER"", ""BELNR"", ""DOCLN"", ""/1DH/OPERATION"", ""/1DH/USER"" )
 VALUES (
 ""SEQ_/1DH/ML000000005"".NEXTVAL,
 to_char(CURRENT_UTCTIMESTAMP, 'yyyymmddhh24missFF7'),
 __typed_NString__($1, 3),
 __typed_NString__($2, 2),
 __typed_NString__($3, 4),
 __typed_NString__($4, 12),
 __typed_NString__($5, 7),
 __typed_NString__($6, 10),
 __typed_NString__($7, 6),
 
 'D',
 SUBSTRING(SESSION_CONTEXT('APPLICATIONUSER'),1,12)
 )"
20260307135505875447000		SAPLZMM005	5,604	2,037.051000000	0.363000000	0.603000000	2,505,632	3,286,400	18,365,867,136	SELECT /* FDA READ */ "ZDATE" , "WERKS" , "WERKS_HOLI_FG" FROM "ZCAT05015" WHERE "MANDT" = ? AND "ZDATE" BETWEEN ? AND ?
20260307174517976663000		CL_FML_ACDOCA_M_EXT_UTIL_AMDP=CP	2,957,211	2,013.073000000	0.001000000	0.786000000	13,760	14,048	40,692,753,216	"/* procedure: ""SAPHANADB"".""/1DH/000000005UPD1"" line: 25 col: 2 (at pos 717) */ INSERT INTO ""/1DH/ML000000005""
 ( ""/1DH/SEQUENCE"", ""/1DH/TIMESTAMP"", ""RCLNT"", ""RLDNR"", ""RBUKRS"", ""KALNR"", ""FISCYEARPER"", ""BELNR"", ""DOCLN"", ""/1DH/OPERATION"", ""/1DH/USER"" )
 VALUES (
 ""SEQ_/1DH/ML000000005"".NEXTVAL,
 to_char(CURRENT_UTCTIMESTAMP, 'yyyymmddhh24missFF7'),
 __typed_NString__($1, 3),
 __typed_NString__($2, 2),
 __typed_NString__($3, 4),
 __typed_NString__($4, 12),
 __typed_NString__($5, 7),
 __typed_NString__($6, 10),
 __typed_NString__($7, 6),
 
 'I',
 SUBSTRING(SESSION_CONTEXT('APPLICATIONUSER'),1,12)
 )"
20260307145506494788000	ZMMR32060D	ZMMR32600	2,425	1,934.743000000	0.798000000	3.396000000	45,807,293	68,840,080	149,055,406,882	SELECT /* FDA WRITE */ "A" . "MATNR" , "A" . "WERKS" , N'2000' "LGORT" , "C" . "LABST" + "D" . "LABST" "LABST" FROM ? "A" ("MATNR" NVARCHAR(40), "WERKS" NVARCHAR(4)) INNER JOIN "ZMMT32010" "B" ON "B" . "MANDT" = ? AND "A" . "MATNR" = "B" . "MATNR" AND "A" . "WERKS" = "B" . "WERKS" INNER JOIN /* Redirected table: MARD */ "NSDM_V_MARD" "C" ON "C" . "MANDT" = ? AND "A" . "MATNR" = "C" . "MATNR" AND "B" . "CTR_CODE" = "C" . "WERKS" AND "C" . "LGORT" = N'2000' INNER JOIN /* Redirected table: MARD */ "NSDM_V_MARD" "D" ON "D" . "MANDT" = ? AND "A" . "MATNR" = "D" . "MATNR" AND "B" . "HUB_CTR_CODE" = "D" . "WERKS" AND "D" . "LGORT" = N'2000' WHERE "B" . "ODDAT" = ? AND "B" . "EKORG" = ?
20260307145506494788000	ZMMR32060	ZMMR32600	2,425	1,934.743000000	0.798000000	3.396000000	45,807,293	68,840,080	149,055,406,882	SELECT /* FDA WRITE */ "A" . "MATNR" , "A" . "WERKS" , N'2000' "LGORT" , "C" . "LABST" + "D" . "LABST" "LABST" FROM ? "A" ("MATNR" NVARCHAR(40), "WERKS" NVARCHAR(4)) INNER JOIN "ZMMT32010" "B" ON "B" . "MANDT" = ? AND "A" . "MATNR" = "B" . "MATNR" AND "A" . "WERKS" = "B" . "WERKS" INNER JOIN /* Redirected table: MARD */ "NSDM_V_MARD" "C" ON "C" . "MANDT" = ? AND "A" . "MATNR" = "C" . "MATNR" AND "B" . "CTR_CODE" = "C" . "WERKS" AND "C" . "LGORT" = N'2000' INNER JOIN /* Redirected table: MARD */ "NSDM_V_MARD" "D" ON "D" . "MANDT" = ? AND "A" . "MATNR" = "D" . "MATNR" AND "B" . "HUB_CTR_CODE" = "D" . "WERKS" AND "D" . "LGORT" = N'2000' WHERE "B" . "ODDAT" = ? AND "B" . "EKORG" = ?
20260307175458070597000		CL_FML_ACDOCA_EXT_VALIDATION==CP	888	1,898.818000000	2.138000000	6.763000000	64,434,668	883,272,840	206,707,984,590	CALL  "CL_FML_ACDOCA_EXT_VALIDATION=>GET_ACDOCA_AEXT_DIFFERENCES#stb2#20230119004507"  (  ? ,  ? ,  ? ,  ?  )
20260307175458521164000		SAPLZPP600	751	1,895.876000000	2.524000000	5.245000000	26,487,180	1,789,501,618	598,920,700,523	SELECT /* FDA READ */ "MATERIAL" "MATNR" , "PLANT" "WERKS" , SUM( "MATLWRHSSTKQTYINMATLBASEUNIT" ) "MENGE" , "MATERIALBASEUNIT" "MEINS" FROM /* Entity name: P_MATERIALSTOCK_AGGR */ "PMATSTOCKAGGR" "P_MATERIALSTOCK_AGGR" WHERE "MANDT" = ? AND "PLANT" = ? AND "MATLDOCLATESTPOSTGDATE" <= ? AND "STORAGELOCATION" = N'1000' GROUP BY "MATERIAL" , "PLANT" , "MATERIALBASEUNIT" ORDER BY "MATNR" , "WERKS" , "MEINS"
20260307135502974932000		SAPLZMM347	2,689	1,845.296000000	0.686000000	2.389000000	906,760	697,851,988	335,878,370,864	SELECT /* FDA WRITE */ "A" . "WERKS" , "A" . "MATNR" , SUM( ( CASE "A" . "SHKZG" WHEN N'S' THEN ( "A" . "MENGE" * CAST( -1 AS INTEGER ) ) ELSE "A" . "MENGE" END ) ) "QTY" FROM "MATDOC" "A" INNER JOIN ? "B" ("MATNR" NVARCHAR(40), "WERKS" NVARCHAR(4)) ON "B" . "WERKS" = "A" . "WERKS" AND "B" . "MATNR" = "A" . "MATNR" WHERE "A" . "MANDT" = ? AND "A" . "RECORD_TYPE" = N'MDOC' AND "A" . "BUDAT" BETWEEN ? AND ? AND "A" . "BWART" IN ( ? , ? , ? , ? ) GROUP BY "A" . "WERKS" , "A" . "MATNR" ORDER BY "A" . "WERKS" , "A" . "MATNR"
20260307175458123105000		CL_FML_ACDOCA_EXT_VALIDATION==CP	888	1,822.448000000	2.052000000	6.719000000	64,434,668	883,272,840	206,707,984,590	"/* procedure: ""SAPHANADB"".""CL_FML_ACDOCA_EXT_VALIDATION=>DET_ACDOCA_AEXT_DIFFERENCES"" variable: ET_DB_DATA line: 17 col: 5 (at pos 919), procedure: ""SAPHANADB"".""CL_FML_ACDOCA_EXT_VALIDATION=>GET_ACDOCA_AEXT_DIFFERENCES"" variable: LT_KALNR line: 27 col: 5 (at pos 1113), procedure: ""SAPHANADB"".""CL_FML_ACDOCA_EXT_VALIDATION=>GET_ACDOCA_AEXT_DIFFERENCES#stb2#20230119004507"" variable: IT_FINSC_LD_CMP line: 11 col: 3 (at pos 331) */ WITH ""_SYS_IT_FINSC_LD_CMP_2"" AS (select * from ""CL_FML_ACDOCA_EXT_VALIDATION=>GET_ACDOCA_AEXT_DIFFERENCES=>P00000#tft#20230119004507""), ""_SYS_LT_KALNR_2"" AS (SELECT kalnr FROM ""SYS"".""_SYS_SS2_TMP_TABLE_38092451_ET_HDVIEW_2_D4E7E8AC793275408DB1BCC3CAD5C35A_3"" ""ET_HDVIEW"") SELECT
         CAST(N'ACDOCA' AS NVARCHAR(16))  AS tabname,
        a.rclnt           AS mandt,
        a.rldnr           AS rldnr,
        a.kalnr           AS kalnr,
        SUM(vmsl)         AS lbkum,
        SUM(hvkwrt)       AS hvksal,
        CASE WHEN ld_cmp.mlrelindh = 'X' THEN SUM(hsl) ELSE 0 END AS hsalk3,
        CASE WHEN ld_cmp.mlrelindk = 'X' THEN SUM(ksl) ELSE 0 END AS ksalk3,
        CASE WHEN ld_cmp.mlrelindo = 'X' THEN SUM(osl) ELSE 0 END AS osalk3,
        CASE WHEN ld_cmp.mlrelindv = 'X' THEN SUM(vsl) ELSE 0 END AS vsalk3,
        CASE WHEN ld_cmp.mlrelindb = 'X' THEN SUM(bsl) ELSE 0 END AS bsalk3,
        CASE WHEN ld_cmp.mlrelindc = 'X' THEN SUM(csl) ELSE 0 END AS csalk3,
        CASE WHEN ld_cmp.mlrelindd = 'X' THEN SUM(dsl) ELSE 0 END AS dsalk3,
        CASE WHEN ld_cmp.mlrelinde = 'X' THEN SUM(esl) ELSE 0 END AS esalk3,
        CASE WHEN ld_cmp.mlrelindf = 'X' THEN SUM(fsl) ELSE 0 END AS fsalk3,
        CASE WHEN ld_cmp.mlrelindg = 'X' THEN SUM(gsl) ELSE 0 END AS gsalk3
      FROM ""CL_FML_ACDOCA_EXT_VALIDATION=>ACDOCA#covw"" AS a
      INNER JOIN ""_SYS_IT_FINSC_LD_CMP_2"" AS ld_cmp
        ON  ld_cmp.rldnr = a.rldnr
      INNER JOIN ""_SYS_LT_KALNR_2"" AS k
        ON  k.kalnr = a.kalnr
      LEFT OUTER JOIN ""CL_FML_ACDOCA_EXT_VALIDATION=>FAGL_CARRY_FORW#covw"" AS bcf
        ON  a.rclnt  = bcf.mandt
        AND a.rbukrs = bcf.rbukrs
        AND a.rldnr  = bcf.rldnr
      WHERE a.rclnt  = __typed_NString__($1, 3)
        AND a.rbukrs = __typed_NString__($2, 4)
        AND a.ktosl  = 'BSX'
        AND a.rrcty  = '0'
        AND (
--                ""chunk 1: no BCF has been done -> all records there
--                ""         -> evaluation should work
                 (     bcf.vtrhj IS NULL
                   AND a.poper       <> '000' )
--                ""chunk 2: BCF has been done -> records from year before could be aged / archived
--                ""         -> evaluation for current year should work
              OR (     bcf.vtrhj IS NOT NULL
                   AND (    (     a.ryear       =  bcf.vtrhj
                              AND a.poper       =  '000' )
                         OR (     a.ryear       >= bcf.vtrhj
                              AND a.poper       <> '000' ) ) )
            )
      GROUP BY
        a.rclnt,
        a.rldnr,
        a.kalnr,
        ld_cmp.mlrelindh,
        ld_cmp.mlrelindk,
        ld_cmp.mlrelindo,
        ld_cmp.mlrelindv,
        ld_cmp.mlrelindb,
        ld_cmp.mlrelindc,
        ld_cmp.mlrelindd,
        ld_cmp.mlrelinde,
        ld_cmp.mlrelindf,
        ld_cmp.mlrelindg

    UNION ALL

      SELECT
         CAST(N'ACDOCA_M_EXTRACT' AS NVARCHAR(16))  AS tabname,
        e.rclnt            AS mandt,
        e.rldnr            AS rldnr,
        e.kalnr            AS kalnr,
        0 - SUM(vmsl)      AS lbkum,
        0 - SUM(hvkwrt)    AS hvksal,
        CASE WHEN ld_cmp.mlrelindh = 'X' THEN 0 - SUM(hsl) ELSE 0 END AS hsalk3,
        CASE WHEN ld_cmp.mlrelindk = 'X' THEN 0 - SUM(ksl) ELSE 0 END AS ksalk3,
        CASE WHEN ld_cmp.mlrelindo = 'X' THEN 0 - SUM(osl) ELSE 0 END AS osalk3,
        CASE WHEN ld_cmp.mlrelindv = 'X' THEN 0 - SUM(vsl) ELSE 0 END AS vsalk3,
        CASE WHEN ld_cmp.mlrelindb = 'X' THEN 0 - SUM(bsl) ELSE 0 END AS bsalk3,
        CASE WHEN ld_cmp.mlrelindc = 'X' THEN 0 - SUM(csl) ELSE 0 END AS csalk3,
        CASE WHEN ld_cmp.mlrelindd = 'X' THEN 0 - SUM(dsl) ELSE 0 END AS dsalk3,
        CASE WHEN ld_cmp.mlrelinde = 'X' THEN 0 - SUM(esl) ELSE 0 END AS esalk3,
        CASE WHEN ld_cmp.mlrelindf = 'X' THEN 0 - SUM(fsl) ELSE 0 END AS fsalk3,
        CASE WHEN ld_cmp.mlrelindg = 'X' THEN 0 - SUM(gsl) ELSE 0 END AS gsalk3
      FROM ""CL_FML_ACDOCA_EXT_VALIDATION=>ACDOCA_M_EXTRACT#covw"" AS e
      INNER JOIN ""_SYS_IT_FINSC_LD_CMP_2"" AS ld_cmp
        ON  ld_cmp.rldnr = e.rldnr
      INNER JOIN ""_SYS_LT_KALNR_2"" AS k
        ON  k.kalnr = e.kalnr
      WHERE rclnt       = __typed_NString__($1, 3)
        AND rbukrs      = __typed_NString__($2, 4)
        AND fiscyearper = '9999999'
      GROUP BY
        e.rclnt,
        e.rldnr,
        e.kalnr,
        ld_cmp.mlrelindh,
        ld_cmp.mlrelindk,
        ld_cmp.mlrelindo,
        ld_cmp.mlrelindv,
        ld_cmp.mlrelindb,
        ld_cmp.mlrelindc,
        ld_cmp.mlrelindd,
        ld_cmp.mlrelinde,
        ld_cmp.mlrelindf,
        ld_cmp.mlrelindg"
20260307145509642506000		SAPLZMM005	202,146	1,816.398000000	0.009000000	3.184000000	742,752	14,312,500	188,822,546,592	SELECT /* FDA WRITE */ "A" . "WERKS" , "A" . "MATNR" , "A" . "ZRDCODYN" , "A" . "ZFNCSTRCD" , "A" . "ZSTLIFNR" , "B" . "IR_DATE" FROM "V_MARC_MD" "A" INNER JOIN ? "B" ("IR_DATE" NVARCHAR(8), "WERKS" NVARCHAR(4), "MATNR" NVARCHAR(40)) ON "A" . "MATNR" = "B" . "MATNR" AND "A" . "WERKS" = "B" . "WERKS" AND "A" . "LVORM" = N'' WHERE "A" . "MANDT" = ?
20260307095458002064000	ZMMR5204P	ZMMR52041	5,002	1,771.830000000	0.354000000	1.339000000	1,553,856	229,692,464	543,283,430,908	SELECT COUNT( "B" . "EBELN" ) FROM "EKKO" "A" INNER JOIN "EKPO" "B" ON "A" . "MANDT" = "B" . "MANDT" AND "A" . "EBELN" = "B" . "EBELN" INNER JOIN "MARA" "E" ON "A" . "MANDT" = "E" . "MANDT" AND "B" . "MATNR" = "E" . "MATNR" INNER JOIN "EKET" "C" ON "A" . "MANDT" = "C" . "MANDT" AND "B" . "EBELN" = "C" . "EBELN" AND "B" . "EBELP" = "C" . "EBELP" AND "C" . "ETENR" = N'0001' INNER JOIN "EKBE" "D" ON "A" . "MANDT" = "D" . "MANDT" AND "B" . "EBELN" = "D" . "EBELN" AND "B" . "EBELP" = "D" . "EBELP" WHERE "A" . "MANDT" = ? AND "A" . "LIFNR" = ? AND "B" . "WERKS" = ? AND "B" . "ZZRCV_PATH_CODE" = N'1' AND "E" . "ZBIZTPCD" = ? AND "B" . "ELIKZ" = N'X' AND "B" . "LOEKZ" = N'' AND "C" . "EINDT" = ? AND "D" . "VGABE" = N'1' AND "D" . "BEWTP" = N'E'
20260307095458002064000	ZMMR5204R	ZMMR52041	5,002	1,771.830000000	0.354000000	1.339000000	1,553,856	229,692,464	543,283,430,908	SELECT COUNT( "B" . "EBELN" ) FROM "EKKO" "A" INNER JOIN "EKPO" "B" ON "A" . "MANDT" = "B" . "MANDT" AND "A" . "EBELN" = "B" . "EBELN" INNER JOIN "MARA" "E" ON "A" . "MANDT" = "E" . "MANDT" AND "B" . "MATNR" = "E" . "MATNR" INNER JOIN "EKET" "C" ON "A" . "MANDT" = "C" . "MANDT" AND "B" . "EBELN" = "C" . "EBELN" AND "B" . "EBELP" = "C" . "EBELP" AND "C" . "ETENR" = N'0001' INNER JOIN "EKBE" "D" ON "A" . "MANDT" = "D" . "MANDT" AND "B" . "EBELN" = "D" . "EBELN" AND "B" . "EBELP" = "D" . "EBELP" WHERE "A" . "MANDT" = ? AND "A" . "LIFNR" = ? AND "B" . "WERKS" = ? AND "B" . "ZZRCV_PATH_CODE" = N'1' AND "E" . "ZBIZTPCD" = ? AND "B" . "ELIKZ" = N'X' AND "B" . "LOEKZ" = N'' AND "C" . "EINDT" = ? AND "D" . "VGABE" = N'1' AND "D" . "BEWTP" = N'E'
20260307095458002064000	ZMMR5204Q	ZMMR52041	5,002	1,771.830000000	0.354000000	1.339000000	1,553,856	229,692,464	543,283,430,908	SELECT COUNT( "B" . "EBELN" ) FROM "EKKO" "A" INNER JOIN "EKPO" "B" ON "A" . "MANDT" = "B" . "MANDT" AND "A" . "EBELN" = "B" . "EBELN" INNER JOIN "MARA" "E" ON "A" . "MANDT" = "E" . "MANDT" AND "B" . "MATNR" = "E" . "MATNR" INNER JOIN "EKET" "C" ON "A" . "MANDT" = "C" . "MANDT" AND "B" . "EBELN" = "C" . "EBELN" AND "B" . "EBELP" = "C" . "EBELP" AND "C" . "ETENR" = N'0001' INNER JOIN "EKBE" "D" ON "A" . "MANDT" = "D" . "MANDT" AND "B" . "EBELN" = "D" . "EBELN" AND "B" . "EBELP" = "D" . "EBELP" WHERE "A" . "MANDT" = ? AND "A" . "LIFNR" = ? AND "B" . "WERKS" = ? AND "B" . "ZZRCV_PATH_CODE" = N'1' AND "E" . "ZBIZTPCD" = ? AND "B" . "ELIKZ" = N'X' AND "B" . "LOEKZ" = N'' AND "C" . "EINDT" = ? AND "D" . "VGABE" = N'1' AND "D" . "BEWTP" = N'E'
20260307115503696188000		SAPLZMM005	4,722	1,730.350000000	0.366000000	1.293000000	3,279,952	3,286,400	15,499,879,840	SELECT /* FDA READ */ "ZDATE" , "WERKS" , "WERKS_HOLI_FG" FROM "ZCAT05015" WHERE "MANDT" = ? AND "ZDATE" BETWEEN ? AND ?
20260307155506514279000		SAPLZMM005	4,702	1,721.724000000	0.366000000	0.633000000	3,279,952	3,286,400	15,433,655,952	SELECT /* FDA READ */ "ZDATE" , "WERKS" , "WERKS_HOLI_FG" FROM "ZCAT05015" WHERE "MANDT" = ? AND "ZDATE" BETWEEN ? AND ?
20260307095459233093000		SAPLZMM405	4,508	1,720.685000000	0.382000000	3.752000000	1,779,016	2,403,130,680	1,393,438,874,512	SELECT /* FDA READ */ N'T' "GUBUN" , "A" . "MATNR" , "A" . "WERKS" , "A" . "MEINS" , "A" . "WAERS" , "B" . "SATNR" , "B" . "MATKL" , "MAKT" . "MAKTX" "SAKTX" , "D" . "MMSTA" , "D" . "ZSTLIFNR" "LIFNR" , "D" . "ZFNCSTRCD" , "D" . "ZPURSTRCD" "ZPURTYCD" , "D" . "ZSTPURUOM" , CASE WHEN "D" . "ZRDCODYN" = RTRIM( N'' ) THEN N'O' ELSE "D" . "ZRDCODYN" END "ZRDCODYN" , CASE WHEN "D" . "ZPOGDISYN" = RTRIM( N'' ) THEN N'O' ELSE "D" . "ZPOGDISYN" END "ZPOGDISYN" , "E" . "NAME1" , "F" . "MAKTX" , SUM( ( CASE WHEN "A" . "LGORT" = N'1000' THEN "A" . "LBKUM" END ) ) "MENGE1" , SUM( ( CASE WHEN "A" . "LGORT" = N'1010' THEN "A" . "LBKUM" END ) ) "MENGE2" , SUM( ( CASE WHEN "A" . "LGORT" = N'1020' THEN "A" . "LBKUM" END ) ) "MENGE3" , SUM( ( CASE WHEN "A" . "LGORT" = N'1030' THEN "A" . "LBKUM" END ) ) "MENGE4" , SUM( ( CASE WHEN "A" . "LGORT" = N'1040' THEN "A" . "LBKUM" END ) ) "MENGE5" , SUM( "A" . "LBKUM" ) "MENGE" FROM /* Entity name: ZCDS_MM_CURSTOCK_DDL */ "ZCDSMM011" "A" INNER JOIN "MARA" "B" ON "A" . "MANDT" = "B" . "MANDT" AND "A" . "MATNR" = "B" . "MATNR" INNER JOIN /* Redirected table: MARC */ "NSDM_V_MARC" "D" ON "A" . "MANDT" = "D" . "MANDT" AND "D" . "MATNR" = "A" . "MATNR" AND "D" . "WERKS" = "A" . "WERKS" INNER JOIN "T001W" "E" ON "A" . "MANDT" = "E" . "MANDT" AND "A" . "WERKS" = "E" . "WERKS" INNER JOIN "MAKT" "F" ON "A" . "MANDT" = "F" . "MANDT" AND "A" . "MATNR" = "F" . "MATNR" AND "F" . "SPRAS" = ? LEFT OUTER JOIN "MAKT" ON "A" . "MANDT" = "MAKT" . "MANDT" AND "B" . "SATNR" = "MAKT" . "MATNR" AND "MAKT" . "SPRAS" = ? WHERE "A" . "MANDT" = ? AND "A" . "WERKS" = ? AND "A" . "LGORT" <> N'' AND "A" . "LBBSA_SID" = N'01' AND "B" . "ZBIZTPCD" = ? AND "B" . "MATKL" = ? GROUP BY "A" . "MATNR" , "A" . "WERKS" , "A" . "MEINS" , "B" . "SATNR" , "MAKT" . "MAKTX" , "B" . "MATKL" , "A" . "WAERS" , "D" . "MMSTA" , "D" . "ZSTLIFNR" , "D" . "ZFNCSTRCD" , "D" . "ZPURSTRCD" , "D" . "ZSTPURUOM" , "D" . "ZRDCODYN" , "D" . "ZPOGDISYN" , "E" . "NAME1" , "F" . "MAKTX"
20260307105506901236000		SAPLZMM410	21,578	1,717.168000000	0.080000000	0.890000000	160,464	115,320,888	85,550,072,356	SELECT /* FDA WRITE */ DISTINCT  "A" . "WERKS" , "A" . "MATNR" , "A" . "EBELN" , "A" . "EBELP" , "C" . "VBELN" , CAST( 0 AS DECIMAL(15,3) ) "DEL_QTY" , RTRIM( CAST( N'' AS NVARCHAR(4) ) ) "LGORT" , RTRIM( CAST( N'' AS NVARCHAR(4) ) ) "WERKS_D" , "A" . "ZZBATCH_CODE" FROM "EKPO" "A" INNER JOIN "LIPS" "B" ON "A" . "MANDT" = "B" . "MANDT" AND "B" . "VGBEL" = "A" . "EBELN" AND RTRIM( SUBSTRING( "B" . "VGPOS" , 2 , 5 ) ) = "A" . "EBELP" INNER JOIN "EKKO" ON "A" . "MANDT" = "EKKO" . "MANDT" AND "A" . "EBELN" = "EKKO" . "EBELN" INNER JOIN "LIKP" "C" ON "A" . "MANDT" = "C" . "MANDT" AND "B" . "VBELN" = "C" . "VBELN" INNER JOIN ? "D" ("MATNR" NVARCHAR(40)) ON "A" . "MATNR" = "D" . "MATNR" WHERE "A" . "MANDT" = ? AND "A" . "WERKS" = ? AND "A" . "LOEKZ" = N'' AND "A" . "ZZSTR_RCV_PLAN_DATE" = ? AND "EKKO" . "BSTYP" = N'F' AND "EKKO" . "ZZSLIP_KIND_CODE" = N'50' AND "A" . "ZZBATCH_CODE" IN ( ? , ? ) AND "A" . "ZZRCV_PATH_CODE" = N'6'
20260307175501130724000		SAPLZMD040	8,457	1,696.416000000	0.201000000	0.393000000	32,900,048	35,374,400	292,777,532,312	SELECT "EANTP" FROM "MEAN" WHERE "MANDT" = ? AND RTRIM( LPAD( "EAN11" , 13 , N'0' ) ) = LPAD( CAST( ? AS NVARCHAR(18) ) , 13 , N'0' ) LIMIT 1
20260307165504196906000		SAPLZMM011	5,965	1,642.361000000	0.275000000	20.940000000	1,169,624	11,469,544,856	2,109,854,716,298	SELECT /* FDA WRITE */ "A" . "MATNR" , "A" . "WERKS" , "A" . "LGORT" , "A" . "MEINS" , "A" . "WAERS" "ZWAERS" , SUM( ( CASE WHEN "A" . "LBBSA_SID" = N'01' THEN "A" . "LBKUM" END ) ) "LABST" , SUM( ( CASE WHEN "A" . "LBBSA_SID" = N'02' THEN "A" . "LBKUM" END ) ) "INSME" , SUM( ( CASE WHEN "A" . "LBBSA_SID" <> N'07' THEN "A" . "LBKUM" END ) ) "LBKUM" , SUM( ( CASE WHEN "A" . "LBBSA_SID" <> N'07' THEN "A" . "SALK3" END ) ) "SALK3" FROM ? "B" ("MATNR" NVARCHAR(40)) INNER JOIN /* Entity name: ZCDS_MM_CURSTOCK_DDL */ "ZCDSMM011" "A" ON "A" . "MANDT" = ? AND "A" . "MATNR" = "B" . "MATNR" WHERE "A" . "WERKS" = ? AND "A" . "LGORT" = ? GROUP BY "A" . "MATNR" , "A" . "WERKS" , "A" . "LGORT" , "A" . "MEINS" , "A" . "WAERS"
20260307115502092426000		SAPLZPP600	1,425	1,633.557000000	1.146000000	7.554000000	8,365,348	755,234,760	750,866,529,756	SELECT /* FDA READ */ "P" . "WERKS" , "P" . "MATNR" , SUM( ( CASE "P" . "SHKZG" WHEN N'X' THEN ( ABS( "P" . "FKLMG" ) * CAST( -1 AS INTEGER ) ) ELSE ABS( "P" . "FKLMG" ) END ) ) "FKLMG" , "P" . "MEINS" , SUM( ( CASE "P" . "SHKZG" WHEN N'X' THEN ( ABS( "P" . "KZWI1" ) * CAST( -1 AS INTEGER ) ) ELSE ABS( "P" . "KZWI1" ) END ) ) "KZWI1" , "P" . "WAERK" FROM "VBRK" "H" INNER JOIN "VBRP" "P" ON "H" . "MANDT" = "P" . "MANDT" AND "H" . "VBELN" = "P" . "VBELN" INNER JOIN "T001W" "T" ON "H" . "MANDT" = "T" . "MANDT" AND "P" . "WERKS" = "T" . "WERKS" INNER JOIN /* Redirected table: MARC */ "NSDM_V_MARC" "C" ON "H" . "MANDT" = "C" . "MANDT" AND "P" . "WERKS" = "C" . "WERKS" AND "P" . "MATNR" = "C" . "MATNR" AND "C" . "LVORM" = N'' INNER JOIN "MARA" "A" ON "H" . "MANDT" = "A" . "MANDT" AND "P" . "MATNR" = "A" . "MATNR" AND "A" . "LVORM" = N'' WHERE "H" . "MANDT" = ? AND "H" . "FKDAT" BETWEEN ? AND ? AND "H" . "FKSTO" = N'' AND "H" . "SFAKN" = N'' AND "P" . "WERKS" = ? AND "T" . "VLFKZ" = N'A' AND NOT "T" . "BWKEY" LIKE ? AND "C" . "BESKZ" = N'E' GROUP BY "H" . "FKDAT" , "P" . "WERKS" , "P" . "MATNR" , "P" . "VRKME" , "P" . "MEINS" , "P" . "WAERK"
20260307135230757973000		ZCL_U4A_APP_ESOQMR00340U======CP	190	1,619.657000000	8.525000000	10.541000000	2,293,651,208	2,294,390,276	435,820,320,636	SELECT /* FDA WRITE */ SUM( "A" . "LABST" ) "LABST" , "A" . "MATNR" , "A" . "WERKS" FROM /* Redirected table: MARD */ "NSDM_V_MARD" "A" INNER JOIN ? "B" ("WERKS" NVARCHAR(4), "MATNR" NVARCHAR(40)) ON "B" . "MATNR" = "A" . "MATNR" AND "B" . "WERKS" = "A" . "WERKS" INNER JOIN "MARA" "C" ON "A" . "MANDT" = "C" . "MANDT" AND "C" . "MATNR" = "B" . "MATNR" WHERE "A" . "MANDT" = ? AND "A" . "LGORT" = N'1000' GROUP BY "A" . "MATNR" , "A" . "WERKS"
20260307105507044931000		SAPLZMM005	4,484	1,599.827000000	0.357000000	0.613000000	3,279,952	3,286,400	14,718,969,728	SELECT /* FDA READ */ "ZDATE" , "WERKS" , "WERKS_HOLI_FG" FROM "ZCAT05015" WHERE "MANDT" = ? AND "ZDATE" BETWEEN ? AND ?
20260307125456237803000		SAPLZPP600	1,410	1,546.867000000	1.097000000	2.829000000	32,390,712	755,234,760	739,947,660,848	SELECT /* FDA READ */ "P" . "WERKS" , "P" . "MATNR" , SUM( ( CASE "P" . "SHKZG" WHEN N'X' THEN ( ABS( "P" . "FKLMG" ) * CAST( -1 AS INTEGER ) ) ELSE ABS( "P" . "FKLMG" ) END ) ) "FKLMG" , "P" . "MEINS" , SUM( ( CASE "P" . "SHKZG" WHEN N'X' THEN ( ABS( "P" . "KZWI1" ) * CAST( -1 AS INTEGER ) ) ELSE ABS( "P" . "KZWI1" ) END ) ) "KZWI1" , "P" . "WAERK" FROM "VBRK" "H" INNER JOIN "VBRP" "P" ON "H" . "MANDT" = "P" . "MANDT" AND "H" . "VBELN" = "P" . "VBELN" INNER JOIN "T001W" "T" ON "H" . "MANDT" = "T" . "MANDT" AND "P" . "WERKS" = "T" . "WERKS" INNER JOIN /* Redirected table: MARC */ "NSDM_V_MARC" "C" ON "H" . "MANDT" = "C" . "MANDT" AND "P" . "WERKS" = "C" . "WERKS" AND "P" . "MATNR" = "C" . "MATNR" AND "C" . "LVORM" = N'' INNER JOIN "MARA" "A" ON "H" . "MANDT" = "A" . "MANDT" AND "P" . "MATNR" = "A" . "MATNR" AND "A" . "LVORM" = N'' WHERE "H" . "MANDT" = ? AND "H" . "FKDAT" BETWEEN ? AND ? AND "H" . "FKSTO" = N'' AND "H" . "SFAKN" = N'' AND "P" . "WERKS" = ? AND "T" . "VLFKZ" = N'A' AND NOT "T" . "BWKEY" LIKE ? AND "C" . "BESKZ" = N'E' GROUP BY "H" . "FKDAT" , "P" . "WERKS" , "P" . "MATNR" , "P" . "VRKME" , "P" . "MEINS" , "P" . "WAERK"
20260307165503971644000		SAPLZMD040	6,961	1,545.441000000	0.222000000	0.962000000	32,505,504	35,370,944	240,922,927,816	SELECT "EANTP" FROM "MEAN" WHERE "MANDT" = ? AND RTRIM( LPAD( "EAN11" , 13 , N'0' ) ) = LPAD( CAST( ? AS NVARCHAR(18) ) , 13 , N'0' ) LIMIT 1
20260307105505049961000	ZMMR5204P	ZMMR52041	3,912	1,521.919000000	0.389000000	1.422000000	1,846,412	229,585,040	486,021,413,176	SELECT COUNT( "B" . "EBELN" ) FROM "EKKO" "A" INNER JOIN "EKPO" "B" ON "A" . "MANDT" = "B" . "MANDT" AND "A" . "EBELN" = "B" . "EBELN" INNER JOIN "MARA" "E" ON "A" . "MANDT" = "E" . "MANDT" AND "B" . "MATNR" = "E" . "MATNR" INNER JOIN "EKET" "C" ON "A" . "MANDT" = "C" . "MANDT" AND "B" . "EBELN" = "C" . "EBELN" AND "B" . "EBELP" = "C" . "EBELP" AND "C" . "ETENR" = N'0001' INNER JOIN "EKBE" "D" ON "A" . "MANDT" = "D" . "MANDT" AND "B" . "EBELN" = "D" . "EBELN" AND "B" . "EBELP" = "D" . "EBELP" WHERE "A" . "MANDT" = ? AND "A" . "LIFNR" = ? AND "B" . "WERKS" = ? AND "B" . "ZZRCV_PATH_CODE" = N'1' AND "E" . "ZBIZTPCD" = ? AND "B" . "ELIKZ" = N'X' AND "B" . "LOEKZ" = N'' AND "C" . "EINDT" = ? AND "D" . "VGABE" = N'1' AND "D" . "BEWTP" = N'E'
20260307105505049961000	ZMMR5204R	ZMMR52041	3,912	1,521.919000000	0.389000000	1.422000000	1,846,412	229,585,040	486,021,413,176	SELECT COUNT( "B" . "EBELN" ) FROM "EKKO" "A" INNER JOIN "EKPO" "B" ON "A" . "MANDT" = "B" . "MANDT" AND "A" . "EBELN" = "B" . "EBELN" INNER JOIN "MARA" "E" ON "A" . "MANDT" = "E" . "MANDT" AND "B" . "MATNR" = "E" . "MATNR" INNER JOIN "EKET" "C" ON "A" . "MANDT" = "C" . "MANDT" AND "B" . "EBELN" = "C" . "EBELN" AND "B" . "EBELP" = "C" . "EBELP" AND "C" . "ETENR" = N'0001' INNER JOIN "EKBE" "D" ON "A" . "MANDT" = "D" . "MANDT" AND "B" . "EBELN" = "D" . "EBELN" AND "B" . "EBELP" = "D" . "EBELP" WHERE "A" . "MANDT" = ? AND "A" . "LIFNR" = ? AND "B" . "WERKS" = ? AND "B" . "ZZRCV_PATH_CODE" = N'1' AND "E" . "ZBIZTPCD" = ? AND "B" . "ELIKZ" = N'X' AND "B" . "LOEKZ" = N'' AND "C" . "EINDT" = ? AND "D" . "VGABE" = N'1' AND "D" . "BEWTP" = N'E'
20260307105505049961000	ZMMR5204Q	ZMMR52041	3,912	1,521.919000000	0.389000000	1.422000000	1,846,412	229,585,040	486,021,413,176	SELECT COUNT( "B" . "EBELN" ) FROM "EKKO" "A" INNER JOIN "EKPO" "B" ON "A" . "MANDT" = "B" . "MANDT" AND "A" . "EBELN" = "B" . "EBELN" INNER JOIN "MARA" "E" ON "A" . "MANDT" = "E" . "MANDT" AND "B" . "MATNR" = "E" . "MATNR" INNER JOIN "EKET" "C" ON "A" . "MANDT" = "C" . "MANDT" AND "B" . "EBELN" = "C" . "EBELN" AND "B" . "EBELP" = "C" . "EBELP" AND "C" . "ETENR" = N'0001' INNER JOIN "EKBE" "D" ON "A" . "MANDT" = "D" . "MANDT" AND "B" . "EBELN" = "D" . "EBELN" AND "B" . "EBELP" = "D" . "EBELP" WHERE "A" . "MANDT" = ? AND "A" . "LIFNR" = ? AND "B" . "WERKS" = ? AND "B" . "ZZRCV_PATH_CODE" = N'1' AND "E" . "ZBIZTPCD" = ? AND "B" . "ELIKZ" = N'X' AND "B" . "LOEKZ" = N'' AND "C" . "EINDT" = ? AND "D" . "VGABE" = N'1' AND "D" . "BEWTP" = N'E'
20260307095454293855000		SAPLZPP600	674	1,521.307000000	2.257000000	4.905000000	29,219,544	1,753,731,629	479,680,160,327	SELECT /* FDA READ */ "MATERIAL" "MATNR" , "PLANT" "WERKS" , SUM( "MATLWRHSSTKQTYINMATLBASEUNIT" ) "MENGE" , "MATERIALBASEUNIT" "MEINS" FROM /* Entity name: P_MATERIALSTOCK_AGGR */ "PMATSTOCKAGGR" "P_MATERIALSTOCK_AGGR" WHERE "MANDT" = ? AND "PLANT" = ? AND "MATLDOCLATESTPOSTGDATE" <= ? AND "STORAGELOCATION" = N'1000' GROUP BY "MATERIAL" , "PLANT" , "MATERIALBASEUNIT" ORDER BY "MATNR" , "WERKS" , "MEINS"
20260307174517985503000		CL_FML_ACDOCA_M_EXT_UTIL_AMDP=CP	5,354	1,489.775000000	0.278000000	0.539000000	16,384	16,384	87,719,936	/* procedure: "SAPHANADB"."CL_FML_ACDOCA_M_EXT_UTIL_AMDP=>PRE_COMPACT_AMDP_PLL" variable: ET_ACDOCA_M_EXTRACT line: 329 col: 8 (at pos 13236) */ SELECT * FROM "CL_FML_ACDOCA_M_EXT_UTIL_AMDP=>ACDOCA_M_EXTRACT#covw" limit 1
20260307155504286392000		SAPLZQM003	1,326	1,481.197000000	1.117000000	2.959000000	0	228,904,920	165,082,037,532	SELECT /* FDA WRITE */ "B" . "WERKS" , "B" . "MATNR" , "A" . "LGORT" , SUM( "A" . "LABST" ) "LABST" FROM ? "B" ("ZBIZTPCD" NVARCHAR(4), "WERKS" NVARCHAR(4), "MATNR" NVARCHAR(40)) INNER JOIN /* Redirected table: MARD */ "NSDM_V_MARD" "A" ON "A" . "MANDT" = ? AND "A" . "WERKS" = "B" . "WERKS" AND "A" . "MATNR" = "B" . "MATNR" AND "A" . "LGORT" = N'1000' WHERE "B" . "ZBIZTPCD" = ? AND "B" . "WERKS" = ? GROUP BY "B" . "WERKS" , "B" . "MATNR" , "A" . "LGORT" ORDER BY "B" . "WERKS" , "B" . "MATNR" , "A" . "LGORT"
20260307095457556321000	ZMMR5204P	ZMMR52041	5,002	1,458.552000000	0.292000000	0.989000000	1,516,928	229,920,892	543,272,031,812	SELECT COUNT( "B" . "EBELN" ) FROM "EKKO" "A" INNER JOIN "EKPO" "B" ON "A" . "MANDT" = "B" . "MANDT" AND "A" . "EBELN" = "B" . "EBELN" INNER JOIN "MARA" "D" ON "A" . "MANDT" = "D" . "MANDT" AND "B" . "MATNR" = "D" . "MATNR" INNER JOIN "EKET" "C" ON "A" . "MANDT" = "C" . "MANDT" AND "B" . "EBELN" = "C" . "EBELN" AND "B" . "EBELP" = "C" . "EBELP" AND "C" . "ETENR" = N'0001' WHERE "A" . "MANDT" = ? AND "A" . "LIFNR" = ? AND "B" . "WERKS" = ? AND "B" . "ZZRCV_PATH_CODE" = N'1' AND "D" . "ZBIZTPCD" = ? AND "B" . "LOEKZ" = N'' AND "C" . "EINDT" = ?
20260307095457556321000	ZMMR5204R	ZMMR52041	5,002	1,458.552000000	0.292000000	0.989000000	1,516,928	229,920,892	543,272,031,812	SELECT COUNT( "B" . "EBELN" ) FROM "EKKO" "A" INNER JOIN "EKPO" "B" ON "A" . "MANDT" = "B" . "MANDT" AND "A" . "EBELN" = "B" . "EBELN" INNER JOIN "MARA" "D" ON "A" . "MANDT" = "D" . "MANDT" AND "B" . "MATNR" = "D" . "MATNR" INNER JOIN "EKET" "C" ON "A" . "MANDT" = "C" . "MANDT" AND "B" . "EBELN" = "C" . "EBELN" AND "B" . "EBELP" = "C" . "EBELP" AND "C" . "ETENR" = N'0001' WHERE "A" . "MANDT" = ? AND "A" . "LIFNR" = ? AND "B" . "WERKS" = ? AND "B" . "ZZRCV_PATH_CODE" = N'1' AND "D" . "ZBIZTPCD" = ? AND "B" . "LOEKZ" = N'' AND "C" . "EINDT" = ?
20260307095457556321000	ZMMR5204Q	ZMMR52041	5,002	1,458.552000000	0.292000000	0.989000000	1,516,928	229,920,892	543,272,031,812	SELECT COUNT( "B" . "EBELN" ) FROM "EKKO" "A" INNER JOIN "EKPO" "B" ON "A" . "MANDT" = "B" . "MANDT" AND "A" . "EBELN" = "B" . "EBELN" INNER JOIN "MARA" "D" ON "A" . "MANDT" = "D" . "MANDT" AND "B" . "MATNR" = "D" . "MATNR" INNER JOIN "EKET" "C" ON "A" . "MANDT" = "C" . "MANDT" AND "B" . "EBELN" = "C" . "EBELN" AND "B" . "EBELP" = "C" . "EBELP" AND "C" . "ETENR" = N'0001' WHERE "A" . "MANDT" = ? AND "A" . "LIFNR" = ? AND "B" . "WERKS" = ? AND "B" . "ZZRCV_PATH_CODE" = N'1' AND "D" . "ZBIZTPCD" = ? AND "B" . "LOEKZ" = N'' AND "C" . "EINDT" = ?
20260307105504240957000	ZMMR37240D	ZMMR37240	1,802	1,424.655000000	0.791000000	2.842000000	2,076,656	751,363,128	668,287,989,820	SELECT /* FDA READ */ "A" . "FKDAT" , SUM( ( CASE "B" . "SHKZG" WHEN N'X' THEN ( ABS( "B" . "KZWI1" ) * CAST( -1 AS INTEGER ) ) ELSE ABS( "B" . "KZWI1" ) END ) ) "SALES_AMT" FROM "VBRK" "A" INNER JOIN "VBRP" "B" ON "A" . "MANDT" = "B" . "MANDT" AND "A" . "VBELN" = "B" . "VBELN" INNER JOIN "ZCDS_MCH_MATNR" "C" ON "A" . "MANDT" = "C" . "MANDT" AND "B" . "MATNR" = "C" . "MATNR" WHERE "A" . "MANDT" = ? AND "A" . "FKDAT" BETWEEN ? AND ? AND "A" . "FKSTO" = N'' AND "A" . "SFAKN" = N'' AND "B" . "WERKS" = ? AND "C" . "ZBIZTPCD" = ? AND "C" . "ZMCH_L1" = ? GROUP BY "A" . "FKDAT"
20260307105504240957000	ZMMR37240	ZMMR37240	1,802	1,424.655000000	0.791000000	2.842000000	2,076,656	751,363,128	668,287,989,820	SELECT /* FDA READ */ "A" . "FKDAT" , SUM( ( CASE "B" . "SHKZG" WHEN N'X' THEN ( ABS( "B" . "KZWI1" ) * CAST( -1 AS INTEGER ) ) ELSE ABS( "B" . "KZWI1" ) END ) ) "SALES_AMT" FROM "VBRK" "A" INNER JOIN "VBRP" "B" ON "A" . "MANDT" = "B" . "MANDT" AND "A" . "VBELN" = "B" . "VBELN" INNER JOIN "ZCDS_MCH_MATNR" "C" ON "A" . "MANDT" = "C" . "MANDT" AND "B" . "MATNR" = "C" . "MATNR" WHERE "A" . "MANDT" = ? AND "A" . "FKDAT" BETWEEN ? AND ? AND "A" . "FKSTO" = N'' AND "A" . "SFAKN" = N'' AND "B" . "WERKS" = ? AND "C" . "ZBIZTPCD" = ? AND "C" . "ZMCH_L1" = ? GROUP BY "A" . "FKDAT"
20260307115502722669000		SAPLZSD013	2,843	1,423.503000000	0.501000000	4.321000000	0	1,129,055,960	215,843,662,748	SELECT /* FDA WRITE */ "VBRK" . "FKDAT" , "VBRP" . "WERKS" , "VBRP" . "MATNR" , "VBRP" . "VRKME" , "VBRP" . "MEINS" , "VBRK" . "WAERK" , SUM( ( CASE "VBRP" . "SHKZG" WHEN N'X' THEN ( ABS( "VBRP" . "FKIMG" ) * CAST( -1 AS INTEGER ) ) ELSE ABS( "VBRP" . "FKIMG" ) END ) ) "KWMENG" , SUM( ( CASE "VBRP" . "SHKZG" WHEN N'X' THEN ( ABS( "VBRP" . "FKLMG" ) * CAST( -1 AS INTEGER ) ) ELSE ABS( "VBRP" . "FKLMG" ) END ) ) "FKLMG" , SUM( ( CASE "VBRP" . "SHKZG" WHEN N'X' THEN ( ABS( "VBRP" . "KZWI1" ) * CAST( -1 AS INTEGER ) ) ELSE ABS( "VBRP" . "KZWI1" ) END ) ) "SALES_AMT" FROM ? "I" ("WERKS" NVARCHAR(4), "MATNR" NVARCHAR(40)) INNER JOIN "VBRP" ON "VBRP" . "MANDT" = ? AND "VBRP" . "WERKS" = "I" . "WERKS" AND "VBRP" . "MATNR" = "I" . "MATNR" INNER JOIN "VBRK" ON "VBRK" . "MANDT" = ? AND "VBRK" . "VBELN" = "VBRP" . "VBELN" WHERE "VBRK" . "FKDAT" BETWEEN ? AND ? AND "VBRK" . "FKSTO" = N'' AND "VBRK" . "SFAKN" = N'' GROUP BY "VBRK" . "FKDAT" , "VBRP" . "WERKS" , "VBRP" . "MATNR" , "VBRP" . "VRKME" , "VBRP" . "MEINS" , "VBRK" . "WAERK"
